3509 5375
2835 522 2959 584 129

539 690 788 758 Meno
828 695 923 753 Δι’
968 688 1076 755 Af.
1168 692 1310 753 Ads.
1372 695 1430 753 in
1477 693 1565 759 01.
1612 696 1686 754 71
1738 694 1815 756 Β.
1873 712 1984 757 ser.
2050 689 2130 755 Af
2193 691 2372 777 (saec.
2421 692 2609 777 X11);
2683 696 2725 758 f.
2775 695 2955 757 40⁷b

368 792 452 879 (p.
479 793 587 878 ⁷4)
632 786 726 857 ὅτι
766 791 1007 877 γοργίας
1050 780 1086 858 ὅ
1116 795 1412 866 λεοντῖνος
1457 786 1766 879 ἀκροατὴς
1808 793 2041 880 γέγονεν
2084 790 2573 880 Ἐμπεδοκλέους
2615 800 2726 862 τοῦ
2760 816 2959 879 ακρα-

365 896 641 980 γαντίνου
687 897 799 984 (Ass
792 896 939 983 >³).

1544 1108 1592 1198 θ
1634 1111 1778 1181 ss.

540 1250 666 1311 Iam
743 1248 818 1308 ad
878 1250 1264 1311 Phaedonem
1333 1258 1732 1329 transeamus,
1818 1248 2118 1327 dialogum
2207 1250 2615 1314 difficillimum
2689 1257 2960 1311 tractatu.
3020 1290 3024 1297 ·

374 1354 553 1414 Cuius
615 1353 991 1415 difficultates
1052 1356 1397 1433 priusquam
1459 1355 1905 1433 adgrediamur,
1963 1355 2318 1432 prolusionis
2365 1373 2548 1416 eausa
2592 1355 2755 1416 locos
2803 1374 2961 1417 com-

370 1459 564 1536 plures
611 1459 1000 1539 tentabimus,
1059 1461 1161 1520 ubi
1221 1460 1360 1538 quid
1406 1462 1482 1521 sit
1527 1478 1728 1522 verum
1787 1478 1821 1521 e
1864 1459 2030 1520 libris
2077 1462 2311 1537 optimis
2357 1458 2445 1521 01.
2492 1468 2553 1521 et
2594 1459 2962 1537 Tubingeusi

370 1562 536 1624 nullo
581 1564 820 1641 negotio
867 1562 1017 1623 effici
1061 1570 1275 1641 potest.

551 1684 1028 1762 Tramponimus
1085 1686 1263 1762 igitur
1320 1705 1453 1748 cum
1499 1687 1583 1749 01.
1620 1686 1700 1751 Τ.
1731 1689 1830 1748 62
1882 1687 1946 1748 0.
2008 1654 2114 1769 τήν
2159 1686 2261 1749 νῦν
2306 1680 2444 1769 ἡμῖν
2490 1685 2827 1768 παροῦσαν.
2879 1720 2953 1731 —-

375 1791 456 1851 64
488 1790 557 1853 E.
604 1786 777 1850 δοκεῖ
818 1805 931 1852 σοι.
975 1824 1061 1835 -
1108 1791 1187 1850 65
1223 1790 1288 1852 0.
1332 1780 1478 1852 ὅταν
1525 1780 1706 1871 αὸτὴν
1750 1776 1981 1853 τούτων
2023 1786 2212 1871 μηδὲν
2256 1783 2611 1874 παραλυπῇ.
2643 1824 2728 1836 —-
2777 1793 2849 1849 71
2889 1790 2962 1850 Α.

369 1887 524 1952 ἔστιν
584 1907 749 1952 ουτω
807 1886 950 1975 ἔφη.
1009 1925 1092 1940 —-
1155 1896 1236 1956 76
1284 1895 1352 1955 Ε.
1407 1879 1735 1976 υπερφοῶς
1793 1913 1845 1956 ω
1895 1877 2218 1977 Σωκρατες
2276 1891 2398 1979 ἔφη
2460 1887 2496 1954 ὅ
2549 1887 2817 1975 Σιμμίας.
2877 1927 2962 1939 -

376 1998 457 2056 80
501 1996 724 2086 Β.τῴ
768 1986 823 2058 δ’
867 1994 981 2079 (01.
1030 1992 1125 2077 δὲ)
1170 1985 1535 2084 ἀνθρωπίνῳ
1579 1992 1683 2061 καὶ
1723 1994 1933 2093 θνητῷ
1971 1993 2076 2062 καὶ
2116 1996 2424 2062 πολυειδεῖ
2464 1992 2570 2060 καὶ
2613 1985 2859 2085 ἀνοήτῳ
2904 2016 2963 2061 κ.

371 2118 422 2160 τ.
465 2098 521 2162 λ.
588 2134 664 2146 -
734 2102 856 2161 103
904 2102 969 2166 0.
1016 2087 1141 2185 ἄρα
1185 2088 1271 2183 μή
1310 2119 1432 2163 που
1479 2122 1529 2163 ω
1582 2096 1781 2184 Κέβης
1823 2098 1964 2184 ἔφη.
2026 2136 2111 2148 ——-
2177 2104 2296 2165 108
2341 2102 2422 2169 D.
2484 2087 2724 2183 ἡδέως
2731 2119 2841 2164 ουν
2888 2120 2962 2163 αν

376 2192 716 2287 οἷκουσαιμι.
805 2206 875 2266 cs.
925 2204 1003 2266 57
1045 2208 1117 2268 Α.
1161 2197 1361 2288 ἡδέως
1402 2197 1520 2289 γὰρ
1567 2193 1642 2269 ἅν
1689 2196 1812 2287 ἐγω
1861 2192 2203 2290 ἄκου’σαιμι.

543 2328 840 2389 Addimus
883 2326 975 2391 his
1019 2328 1195 2393 loeis:
1243 2330 1323 2389 58
1354 2328 1426 2393 Β.
1472 2322 1608 2411 πρὶν
1655 2346 1730 2390 αν
1776 2320 1861 2399 εἷς
1906 2324 2104 2409 Δῆλον
2156 2316 2447 2413 αἰρίκηται
2488 2318 2559 2388 τὰ
2602 2325 2817 2390 πλοῖον
2859 2321 2966 2391 καὶ

370 2416 568 2495 πάλιν.
667 2431 872 2493 Insere
929 2450 996 2492 τε
1052 2441 1192 2511 post
1234 2427 1430 2513 Δῆλον
1492 2431 1653 2511 quod
1715 2451 1849 2497 cum
1893 2430 1940 2495 Δ
1977 2431 2043 2495 Π’
2078 2436 2268 2494 etiam*
2302 2433 2524 2494 habent
2571 2432 2657 2493 01.
2704 2440 2765 2492 er.
2806 2432 2960 2494 Tub.
3025 2420 3030 2425 ’

372 2535 547 2595 Error
591 2544 753 2595 ortus
799 2555 830 2595 e
874 2536 1106 2596 silentio
1145 2535 1485 2598 Gaissordii.
1532 2569 1615 2584 —-
1687 2540 1767 2599 89
1817 2538 1880 2601 0.
1926 2521 1963 2597 oe
2007 2545 2145 2598 ante
2184 2530 2492 2618 Ἡρακλῆς
2534 2545 2769 2614 praeter
2811 2533 2859 2597 Δ
2901 2533 2956 2599 Π

369 2642 547 2702 etiam
615 2639 750 2706 add.
821 2639 908 2702 01.
958 2639 1111 2705 Tub.
1216 2639 1388 2720 Quod
1442 2642 1530 2707 01.
1593 2656 1802 2723 συρτει·
1840 2645 2023 2706 verba
2088 2643 2200 2706 hes
2263 2641 2461 2726 literas
2529 2641 2743 2704 habet:
2810 2628 2964 2722 πρός

368 2797 477 2871 δύο
521 2808 754 2891 λέγεται
797 2786 929 2874 oo’o'
970 2798 1007 2873 ὅ
1046 2758 1352 2896 Ἦρζικλῆς
1399 2802 1528 2886 οἶός
1568 2833 1634 2877 τε
1679 2808 1859 2902 εἶναι,
1904 2815 2025 2876 noli
2072 2825 2474 2894 transponere,
2520 2833 2660 2874 nam
2708 2818 2768 2874 in
2801 2815 2954 2875 Tub.

370 2923 532 2975 extat
593 2918 764 2975 item:
827 2905 981 2996 πρὸς
1041 2909 1155 2978 δύο
1208 2913 1448 2997 λέγεται
1509 2907 1641 2980 ου’δ’
1700 2910 1736 2979 oe
1775 2903 2100 3001 Ἡρακλῆς.
2141 2909 2239 2964 ’-
2308 2919 2388 2979 69
2436 2918 2501 2981 0.
2549 2911 2660 2979 εἰσὶ
2701 2910 2817 2999 γὰρ
2864 2904 2964 2999 δή,

369 3012 545 3098 φασὶν
590 3013 815 3100 οἱπερὶ
854 3009 966 3089 τοὶς
1007 3010 1268 3099 τελετάς,
1313 3014 1769 3104 ναρθηκοφόροι
1812 3017 1918 3102 μὲν
1964 3017 2203 3099 πολλοί,
2248 3014 2475 3102 βάκχοι
2517 3015 2596 3081 δέ’
2626 3037 2691 3081 τε
2720 3020 2963 3102 παῦροι.

371 3125 526 3182 Ante
571 3116 746 3204 φασὶν
790 3126 997 3203 interp.
1046 3109 1134 3194 ῶς
1175 3121 1222 3186 Δ
1265 3122 1356 3201 11,
1417 3127 1629 3204 quibus
1676 3125 1929 3186 addendi
1977 3134 2118 3186 sunt
2164 3126 2253 3189 01.
2301 3127 2454 3187 Tub.
2503 3126 2573 3186 ef.
2623 3127 2703 3186 58
2753 3128 2827 3188 A.
2878 3110 2966 3196 ῶς

370 3220 549 3307 φασὶν
589 3215 915 3309 Ἀθηναῖοι.
960 3248 1019 3308 p.
1068 3231 1150 3291 80
1194 3230 1273 3294 D.
1322 3218 1413 3301 ὥς
1456 3247 1635 3313 φασιν
1682 3225 1738 3291 οἵ
1780 3222 2000 3292 πολλοὶ
2045 3220 2379 3311 ἅνθρωποι.
2427 3263 2510 3275 -
2561 3231 2640 3290 99
2689 3228 2752 3290 0.
2806 3230 2967 3291 dedit

367 3331 567 3392 Herm.
610 3319 892 3414 τοιαύτης
935 3326 1146 3403 αἰτίας.
1232 3335 1436 3396 Scribe
1481 3351 1614 3395 eum
1649 3335 1737 3399 01.
1787 3344 1845 3395 et
1873 3335 2027 3395 Tub.
2070 3335 2178 3415 τῆς
2220 3321 2501 3415 τοιαύτης
2546 3326 2759 3411 αἰτίας,
2806 3333 2965 3410 quod

369 3440 546 3496 etiam
606 3435 854 3514 praebet
910 3433 976 3500 Δ.
1082 3419 1276 3500 Etiam
1350 3438 1450 3501 hio
1513 3439 1814 3501 silentium
1861 3438 2183 3504 Gaissordii
2246 3440 2480 3502 videtur
2543 3439 2725 3498 fuisse
2788 3454 2969 3498 causa

372 3560 604 3604 eri-ons.

543 3663 856 3725 Delemna:
923 3666 999 3724 67
1050 3661 1126 3724 D.
1186 3653 1439 3748 (ψυχήν)
1484 3658 1856 3746 ἑκλοομένην
1901 3652 2108 3744 ὥσπερ
2164 3658 2235 3725 ἐκ
2280 3660 2523 3745 δεσμῶν
2570 3658 2642 3725 ἐκ
2684 3662 2796 3724 τοῦ
2839 3651 2966 3723 σώ-

371 3783 574 3847 ματος.
664 3769 875 3846 Praep.
937 3762 1008 3829 ἐκ
1064 3776 1202 3847 post
1262 3758 1467 3851 ὥσπερ
1515 3788 1634 3833 om.
1683 3770 1770 3831 01.
1816 3769 1965 3830 Tub.
2010 3770 2148 3831 Vat.
2191 3765 2257 3829 Δ.
2362 3767 2549 3829 Cobet
2591 3786 2702 3829 ser.
2749 3764 2846 3850 (V.
2895 3766 2967 3830 L.

372 3888 430 3948 p.
481 3866 623 3953 165)
682 3861 892 3954 ὥσπερ
954 3867 1025 3934 ἐκ
1071 3870 1308 3955 δεσμῶν
1365 3874 1476 3934 τοῦ
1518 3860 1824 3956 σώματος.
1914 3873 2305 3951 Transposuit
2349 3874 2527 3948 igitur
2570 3874 2962 3950 praepositio·-

370 3993 526 4039 nem.
614 3976 730 4037 Sed
775 3980 951 4038 etiam
1001 3968 1209 4058 ὥσπερ
1255 3973 1498 4059 δεσμῶν
1543 3972 1613 4040 ἐκ
1656 3976 1772 4039 τοῦ
1815 3965 2097 4059 σώματος
2157 3994 2333 4055 posse
2394 3977 2505 4035 dici
2554 3977 2767 4055 probat
2811 3976 2965 4035 Tim.

377 4079 455 4140 79
485 4081 703 4166 A.·ubi
736 4080 935 4146 Turie.
982 4089 1139 4143 reete
1186 4080 1471 4144 dederunt
1517 4071 1726 4166 ὥσπερ
1774 4070 2052 4151 αιῗλῶνος
2096 4072 2194 4144 διὰ
2237 4082 2347 4141 τοῦ
2395 4066 2695 4161 σώματος.
2741 4082 2813 4140 ef.
2846 4080 2965 4158 By-

371 4192 552 4246 wster
604 4181 678 4243 ad
726 4191 991 4247 nostrum
1033 4182 1073 4250 1.
1130 4220 1208 4231 -—
1266 4188 1343 4247 69
1390 4188 1452 4248 0.
1497 4170 1540 4268 ἦ
1586 4172 1955 4270 σωφροσύνη
2000 4180 2105 4248 καὶ
2146 4178 2189 4267 ἡ
2234 4169 2580 4265 δικαιοσύνη
2626 4176 2731 4246 καὶ
2773 4167 2815 4265 ἦ
2862 4170 2970 4243 οἷν-

240 4309 249 4320 ·
372 4283 548 4369 δρεία
592 4280 698 4350 καὶ
742 4275 893 4372 mitur)
954 4283 999 4372 ἦ
1043 4280 1344 4374 φρόνησις.
1435 4293 1614 4355 Artic.
1660 4277 1703 4374 ἦ
1749 4310 1862 4358 om.
1909 4291 1998 4354 01.
2057 4294 2117 4352 ἰιι
2163 4291 2312 4356 Tub.
2370 4292 2573 4368 soripS.
2632 4307 2789 4351 man.
2852 4306 2969 4352 ree.

371 4411 553 4473 supra
610 4381 733 4453 lin(
813 4394 1139 4456 Articulum
1195 4396 1401 4458 deesse
1456 4413 1635 4475 posse
1681 4394 2085 4458 demonstrant
2128 4394 2355 4456 Phileb.
2402 4397 2478 4456 21
2533 4393 2606 4456 A.
2648 4394 2761 4452 τοῦ
2806 4408 2969 4474 φρο-

511 4653 562 4726 ὓ)
596 4658 818 4712 Lemma
852 4660 893 4713 t.
928 4657 1078 4714 ‹1121›
1115 4657 1194 4727 (p.
1231 4658 1325 4727 85)
1358 4655 1473 4733 moi.
1505 4662 1591 4734 τῆς
1622 4660 1711 4709 τοῦ
1740 4657 1782 4708 Δ
1816 4653 1884 4715 εἰς
1914 4648 1997 4709 τὸν
2032 4656 2076 4709 0
2112 4653 2362 4714 lvreium.

457 4759 704 4815 suna,
740 4762 890 4806 Nono
916 4761 1320 4807 commentationes
1346 4760 1622 4805 Platonicae.
2520 4741 2555 4796 9
