3509 5375
2861 501 2940 560 ⁷9

348 663 612 756 χρυσίῳ,
659 655 838 730 οὐδὲν
880 657 1115 749 ὄφελος
1156 656 1300 730 adreel
1347 652 1543 752 ἐφάνη
1590 658 1684 734 ὄν.
1775 665 1963 731 Badh.
2017 664 2507 753 ἕπιστησοίμεθα.
2571 669 2727 733 ‘Non
2773 676 2942 734 novit

350 775 443 832 vir
484 774 907 847 sagadssimus
952 781 1329 851 praeceptum
1375 778 1798 848 grammaticae
1841 774 1946 834 Kr.
1995 777 2096 846 53,
2146 778 2201 851 7,
2254 776 2368 835 103
2445 777 2606 851 „Der
2649 776 2787 854 Opt.
2835 777 2938 836 des

344 878 483 936 Fut.
530 875 713 936 findet
756 876 880 937 sich
927 879 987 940 in
1035 877 1135 938 der
1171 878 1359 954 Rege!
1420 894 1531 937 nur
1577 880 1636 937 in
1683 877 1789 938 der
1834 878 2113 956 obliquen
2160 878 2324 938 Rode
2368 879 2525 940 nach
2570 883 2759 942 ciuem
2807 882 2941 945 bist.

344 982 647 1058 Tempus,
690 981 960 1041 wiewohl
1006 982 1165 1041 auch
1207 983 1335 1041 hier
1378 983 1483 1042 dev·
1526 982 1827 1043 Indicativ
1870 983 2005 1043 sehr
2044 984 2411 1058 yewohnlich
2456 984 2591 1043 ist!
2721 1002 2725 1010 ·

513 1173 574 1232 p.
622 1155 749 1215 289
802 1156 866 1215 Ε.
910 1155 1182 1216 Socrates
1230 1165 1416 1218 artem
1461 1159 1758 1217 orationes
1803 1156 2134 1218 fabricandi
2197 1158 2286 1218 his
2348 1157 2628 1219 laudibus
2676 1145 2965 1224 extollit}

329 1254 436 1320 καὶ
493 1246 609 1341 γάρ
665 1277 766 1342 μοι
827 1251 895 1320 οἵ
942 1279 1005 1319 τε
1064 1248 1284 1339 ἄνδρες
1345 1250 1519 1323 αιῗτοὶ
1574 1257 1631 1323 οἱ
1687 1256 2034 1341 λογοποιοί,
2105 1252 2255 1323 ὅταν
2297 1257 2671 1346 συγγένωμαι
2715 1254 2941 1340 αότοῖς,

333 1349 674 1444 υπέρσοφοι
719 1381 772 1422 ω
817 1357 1053 1424 Κλεινία
1095 1361 1374 1425 δοκοῦσιν
1423 1357 1575 1426 εἷναι
1619 1360 1722 1426 καὶ
1768 1383 1920 1447 αυτη
1966 1383 2005 1445 η
2053 1360 2233 1447 τέχνη
2284 1383 2487 1428 αυτων
2532 1364 2826 1430 θεσπεσία
2858 1389 2942 1440 τις

329 1463 439 1531 καὶ
484 1452 757 1549 υψηλη’·
787 1459 892 1526 καὶ
921 1460 1121 1546 μέντοι
1149 1456 1323 1528 ουδὲν
1352 1456 1753 1550 θαυμαστόν·
1784 1466 1912 1531 ἔστι
1955 1464 2067 1551 γὰρ
2113 1470 2217 1550 τῆς
2262 1490 2381 1532 των
2429 1466 2686 1557 ἐπῳδων
2729 1468 2942 1554 τέχνης

331 1559 545 1692 μόριον
590 1569 824 1659 σμικρῷ
869 1589 935 1630 τε
980 1563 1216 1652 ἐκείνης
1262 1556 1720 1654 υποδεεστὲρα·
1766 1567 1806 1653 ἥ
1849 1569 1960 1654 μὲν
2003 1563 2123 1655 γὰρ
2168 1592 2289 1634 των
2333 1570 2591 1661 ἐπῳδῶν
2635 1565 2832 1655 ἔχεών
2875 1597 2946 1638 τε

331 1670 438 1738 καὶ
485 1669 843 1756 φαλαγγίων
887 1668 992 1736 καὶ
1037 1670 1339 1756 σκορπίων
1384 1670 1489 1737 καὶ
1531 1695 1651 1738 των
1701 1667 1910 1742 αλλων
1955 1672 2183 1761 θηρίων
2230 1698 2295 1739 τε
2337 1675 2438 1740 καὶ
2467 1669 2662 1742 νόσων
2692 1669 2941 1765 κήλησίς

334 1775 510 1856 ἐστιν,
556 1766 596 1862 ἦ
647 1775 717 1842 δὲ
749 1777 1040 1842 δικαστῶν
1086 1799 1151 1841 τε
1197 1774 1300 1843 καὶ
1331 1776 1781 1863 ἐκκλησιαστων
1826 1775 1931 1845 καὶ
1959 1783 2077 1843 τῶν
2111 1772 2315 1845 ἄλλων
2348 1774 2553 1866 ὄχλων
2585 1774 2842 1869 κη’λησίς
2872 1808 2938 1849 τε

345 1879 445 1946 καὶ
489 1877 851 1965 παραμυθία
893 1874 1173 1964 τυγχάνει
1218 1873 1394 1948 οὖσα.
1479 1888 1555 1948 Ni
1597 1887 1792 1967 fallor,
1837 1891 1895 1948 in
1927 1888 2219 1951 vocabulo
2264 1874 2468 1970 μόριον
2513 1893 2725 1953 vitium
2768 1893 2936 1956 latet.

350 1990 495 2050 Nam
538 1988 845 2050 habemus·
875 1989 1021 2052 duas
1068 1999 1261 2067 artes,
1306 2009 1552 2070 quarum
1596 1992 1727 2052 finis
1776 2000 1865 2052 est
1908 1982 1978 2052 τὰ
2023 1992 2264 2075 κηλεῖν;
2333 2012 2449 2054 una
2493 1993 2671 2076 κηλεῖ
2714 1996 2936 2058 bestias

352 2090 449 2172 (cl.
487 2092 759 2154 Hertlein
805 2093 959 2157 Ann.
1006 2093 1352 2155 Fleckeisen
1405 2096 1566 2155 1867
1616 2115 1674 2173 p.
1728 2098 1893 2158 1867
1940 2115 1997 2173 p.
2045 2094 2216 2178 482),
2263 2097 2450 2158 altera
2493 2098 2934 2179 homines,‚illa

338 2194 508 2277 κηλεῖ
550 2191 855 2284 ἐπῳδαῖς,
915 2197 1062 2258 haec
1105 2185 1324 2280 λόγοις.
1414 2199 1558 2260 Inde
1604 2199 1770 2260 vides
1815 2199 1963 2260 duas
2009 2210 2165 2262 artes
2212 2206 2522 2281 componi,
2576 2221 2698 2265 non
2741 2206 2933 2267 subici

333 2302 580 2364 alteram
624 2302 816 2364 alteri.
905 2302 1027 2363 Pro
1069 2289 1277 2385 μόριον
1321 2305 1633 2380 legendum
1665 2323 1794 2368 esse
1828 2306 2057 2366 videtur
2087 2294 2340 2387 ὅμορος,
2387 2308 2550 2385 quod
2580 2309 2935 2371 adieetivum

331 2410 683 2483 genetivum
722 2406 981 2468 adsumit
1026 2410 1101 2469 cf.
1148 2407 1255 2473 Kr.
1302 2410 1405 2488 48,
1456 2413 1556 2484 13,
1607 2412 1706 2475 12.

502 2600 563 2658 p.
597 2579 725 2642 290
751 2582 821 2642 Β.
871 2568 1144 2661 Οιῗδεμία
1185 2577 1309 2663 ἔφη
1353 2581 1455 2662 τῆς
1496 2583 1855 2664 θηρευτικῆς
1899 2572 2088 2666 αότῆς
2131 2579 2227 2646 ἐπὶ
2266 2580 2455 2650 πλέον
2502 2578 2657 2648 ἐστὶν
2701 2574 2750 2668 ἢ
2792 2576 2937 2649 ὅσον

325 2684 630 2767 θηρεῦσαι
686 2677 791 2748 καὶ
846 2673 1280 2767 χειρώσασθαι.
1385 2688 1502 2748 Pro
1567 2676 1753 2769 αιῗτῆς
1811 2690 1929 2752 Hd.
1979 2694 2127 2754 coni.
2178 2676 2454 2771 δόναμις,
2524 2695 2730 2754 Aetius
2791 2694 2938 2755 duce

326 2789 676 2851 Heindorfio
712 2774 972 2871 ἆπᾶσης,
1021 2790 1275 2852 Orellius
1323 2780 1598 2873 ἄσκησις.
1689 2792 1878 2853 Badh.
1924 2801 2098 2871 putat
2142 2791 2530 2873 supplendum
2579 2813 2709 2856 esse
2753 2791 2934 2878 χρεία

333 2894 435 2955 vel
492 2883 1299 2976 ωφέλεια.’1’ὴοωρεοηυε
1360 2903 1564 2956 contra
1626 2897 1703 2956 ad
1758 2898 2010 2958 Phaedr‘.
2057 2917 2115 2975 p.
2171 2901 2290 2959 128
2340 2914 2444 2977 pro
2491 2887 2749 2980 ουδεμία
2794 2918 2932 2961 con

336 3001 475 3059 iecit
520 2985 698 3059 ουδὲν
743 3000 1033 3075 vertitque
1089 2997 1203 3076 „Of
1257 2998 1359 3060 the
1412 3006 1502 3058 art
1549 3002 1617 3059 os
1652 3001 1900 3078 hunting
1945 3001 2194 3081 nothing
2239 3019 2434 3064 eomes
2482 3010 2749 3083 except.

341 3105 476 3181 Ego
522 3110 615 3163 sto
661 3103 738 3162 ab
783 3104 882 3180 iis,
951 3105 1050 3181 qui
1110 3090 1300 3184 αυτῆς
1360 3114 1692 3182 corruptum
1755 3120 1885 3165 esse
1929 3107 2300 3167 arbitrantur.
2397 3105 2621 3207 Quodsi
2663 3126 2769 3186 pro
2815 3109 2934 3203 hoc

340 3209 688 3284 pronomine
724 3207 1161 3269 substantivum
1209 3197 1362 3288 αυξη
1408 3211 1469 3268 in
1510 3217 1728 3269 textum
1761 3219 2057 3287 receptum
2090 3214 2218 3285 erit,
2266 3218 2325 3272 et
2367 3198 2565 3273 sensui
2612 3221 2671 3275 et
2713 3192 2925 3272 rationi

336 3310 871 3390 palaeographicae
929 3311 1295 3373 satisfactum
1339 3316 1465 3377 erit.
1577 3315 1670 3374 De
1729 3314 1918 3375 forma
1979 3305 2134 3397 αυΕη
2191 3315 2515 3393 disputavit
2576 3316 2785 3379 Stallb.
2846 3317 2921 3379 ad

335 3415 525 3494 Legg.
570 3414 709 3478 VII.
759 3417 880 3477 789
927 3417 1002 3480 A.
1050 3426 1109 3478 et
1151 3420 1211 3479 in
1256 3416 1392 3480 adn.
1442 3421 1565 3481 crit.
1614 3419 1689 3478 ad
1736 3419 1883 3496 Rep.
1930 3418 2018 3479 VI
2064 3421 2190 3480 509
2236 3421 2307 3483 B.

505 3608 566 3668 p.
613 3591 733 3651 291
782 3590 855 3650 Α.
899 3578 1056 3652 α’λλοὶ
1103 3581 1217 3671 μὴν
1258 3579 1403 3672 τόγε
1446 3577 1523 3653 εὖ
1567 3582 1728 3653 οἴδα.
1815 3593 1915 3654 Sic
1960 3611 2093 3654 cum
2139 3568 2376 3672 optimis
2420 3594 2717 3674 plerisque
2757 3594 2926 3655 'libris

330 3694 725 3757 scribendum.
817 3695 892 3756 cf.
941 3693 1044 3754 Kr.
1092 3682 1289 3759 50.1.
1332 3699 1408 3754 21
1463 3696 1755 3757 Matthiae
1802 3700 1837 3769 ς)
1885 3698 2007 3758 286
2055 3716 2116 3774 p.
2147 3700 2291 3761 576.
2381 3699 2532 3759 Nam
2578 3700 2738 3777 apud
2789 3700 2927 3761 1³12-

336 3807 535 3861 tonem
594 3801 833 3876 saepius
892 3818 1070 3877 quarn
1132 3799 1290 3878 apud
1335 3798 1484 3861 alios
1529 3805 1843 3880 scriptores
1888 3804 2170 3863 articulus
2216 3802 2666 3865 demonstrativi
2709 3792 2923 3882 prono·

335 3904 513 3964 minis
556 3918 797 3964 munere
840 3905 1124 3981 fungitur.
1226 3906 1471 3967 Praeter
1512 3912 1782 3967 nostrum
1827 3908 2159 3985 exemplum
2206 3908 2360 3972 conf.
2409 3927 2463 3985 p.
2495 3912 2616 3969 271
2658 3911 2723 3972 G.
2766 3901 2928 3972 πάν-

336 4026 517 4089 σοφοι
560 4002 833 4089 ἀτεχνῶς
873 3997 1031 4087 τώγε
1079 3997 1210 4070 οόδ’
1253 4002 1377 4091 ἤδη
1418 4002 1537 4090 πρό
1584 4012 1694 4071 τοῦ
1739 4001 1836 4072 ὅτι
1873 4003 1992 4073 εἷεν
2037 4008 2093 4073 οἱ
2136 4006 2637 4093 παγκρατιασταί.
2711 4034 2768 4092 p.
2802 4017 2926 4075 303

343 4114 407 4176 G.
454 4108 517 4174 ἐν
565 4107 633 4175 δὲ
662 4113 789 4181 τοῖς
831 4105 1155 4174 καὶτοῦτο
1187 4108 1824 4193 μεγαλοπρεπέστατον
1856 4113 2148 4197 (quocum
2171 4119 2541 4196 comparabis
2569 4118 2755 4197 Sopb.
2789 4119 2928 4179 Phi-

334 4219 532 4279 loctet.
592 4218 757 4277 1243
821 4208 1049 4296 ξύμπας
1085 4206 1346 4294 Ἀχαιῶν
1392 4203 1543 4288 λαός
1588 4237 1603 4253 ·
1648 4214 1709 4279 ἐν
1756 4215 1825 4280 δὲ
1870 4220 1996 4287 τοῖς
2039 4208 2208 4305 ἐγώ.)
2321 4222 2503 4299 Legg.
2547 4223 2641 4282 111
2688 4226 2806 4283 701
2855 4224 2927 4287 Ε.

333 4311 477 4383 οὔτε
533 4323 660 4390 τοῖς
718 4310 861 4382 οὔτε
917 4324 1060 4391 τοῖς.
1166 4321 1410 4384 Theaet.
1463 4325 1582 4382 179
1628 4322 1704 4387 D.
1766 4324 1855 4410 τῷ
1911 4341 2001 4385 τοι
2057 4311 2115 4384 ὦ
2158 4315 2635 4407 φίλεθεόδωρε
2690 4327 2922 4408 μᾶλλον

336 4420 646 4489 σκεπτέον.
737 4426 871 4486 Huc
915 4428 1165 4503 pertinet
1210 4427 1467 4505 denique
1508 4427 1738 4488 articuli
1786 4447 1927 4489 usus
1971 4437 2113 4491 ante
2157 4429 2592 4491 enuntiationes
2637 4431 2918 4495 relativas
2965 4492 2972 4503 ,

334 4527 526 4611 (Prot.
573 4533 700 4590 320
746 4530 820 4593 D.
865 4530 986 4590 τῶν
1033 4519 1156 4593 ὅσα
1199 4524 1343 4613 πυρὶ
1385 4525 1488 4593 καὶ
1529 4531 1612 4614 γῇ
1655 4516 2027 4611 κεράννυται.
2115 4534 2433 4613 Complura
2477 4537 2745 4614 exempla
2788 4537 2925 4598 vide

336 4635 496 4718 apud
538 4634 743 4699 James
784 4633 1020 4715 Riddel‚
1066 4635 1277 4716 Digest
1324 4636 1390 4697 of
1427 4634 1649 4698 Idioms
1700 4638 1852 4716 App.
1897 4636 1973 4699 ad
2022 4636 2198 4716 Apol.
2243 4655 2302 4717 p.
2352 4639 2472 4699 127
2521 4641 2557 4715 5
2603 4635 2736 4724 30).
