3509 5375
538 393 660 465 {52

526 548 722 628 πάντα
766 546 975 646 ἔτερόν
1021 585 1104 644 τι,
1152 554 1335 626 αότό
1383 555 1465 627 τὸ
1512 559 1728 626 ἴσον·
1779 556 1990 646 φῶμέν
2033 581 2089 625 τι
2132 554 2282 626 εἷναι
2324 549 2367 643 ἢ
2407 555 2631 646 μηδὲνς
2679 561 2903 646 Φῶμεν
2933 560 3132 647 μέντοι

532 661 607 752 νὴ
654 658 751 732 Δί’
793 665 913 751 ἔφη
960 652 994 730 ὅ
1039 665 1289 752 Σιμμίας
1332 670 1707 750 θαυμαστῶς
1748 685 1838 747 γε.
1893 701 1969 712 —-
2018 666 2194 728 Plato
2228 675 2292 727 ut
2334 667 2546 744 probet
2592 655 2738 729 αότό
2780 658 2850 729 τὸ
2895 663 3027 731 ἴσον
3071 677 3132 732 et

535 764 610 835 τὰ
653 768 761 835 ἴσα
803 777 954 836 inter
998 794 1063 835 se
1110 775 1353 855 differre,
1398 775 1540 836 dicit
1585 776 1670 835 74
1699 775 1773 838 Β.
1807 761 1948 835 αότό
1992 762 2060 833 τό
2091 765 2222 833 ἴσον
2251 790 2572 851 numquam
2615 775 2866 853 variare,
2909 764 2986 836 τὰ
3027 769 3136 839 ἴσα

535 873 794 939 variare:
842 864 940 959 ἆρ’
986 866 1060 940 οὗ
1102 874 1265 942 λίθοι
1305 874 1413 961 μὲν
1458 873 1580 942 ἴσοι
1619 871 1724 940 καὶ
1766 863 1918 948 ξύλα
1947 871 2138 938 ἐνίοτε
2164 864 2357 938 ταιῗτᾶ
2389 864 2536 939 ὄντα
2564 878 2652 968 τῷ
2684 873 2792 957 μὲν
2835 873 2942 941 ἴσα
2986 874 3131 961 φαί-

534 1000 722 1062 νεται,
767 982 862 1067 τῶ
907 970 1062 1043 δὀὔ.
1152 983 1223 1046 Β.
1269 984 1410 1048 Tur.
1455 981 1544 1046 St.
1592 982 1904 1047 ediderunt
1945 976 2085 1042 τοτὲ
2129 974 2268 1062 μέν,
2314 976 2451 1042 τοτὲ
2495 971 2551 1043 δ’
2595 980 2753 1061 quod
2798 1000 2832 1044 e
2876 999 3022 1048 cort.
3068 985 3129 1047 in

1775 1099 1858 1170 ΥΕ·
1891 1098 1997 1170 τοῖ’
2244 1136 2261 1166 ι
2412 1143 2435 1170 ε
2813 1158 2844 1172 ,
2942 1144 2963 1173 2

537 1158 622 1219 01.
682 1162 918 1234 natum;
983 1175 1122 1217 narn
1177 1158 1228 1215 is
1273 1156 1422 1217 liber
1466 1156 1712 1234 praebet
1754 1175 1867 1218 τωι
1908 1173 2016 1236 μεν
2070 1188 2140 1201 -
2194 1171 2333 1216 τοτε
2373 1152 2413 1217 δ
2478 1155 2635 1233 quod
2680 1173 2714 1215 e
2756 1174 2864 1220 τωι
2907 1154 2941 1218 δ
3003 1174 3129 1218 cor·

534 1269 757 1323 rectum
805 1278 935 1321 esse
979 1260 1317 1321 verisimile.
1354 1268 1465 1327 est.
1569 1260 1722 1321 Tub.
1768 1259 1860 1320 τῶ
1904 1254 2012 1341 μὲν
2056 1291 2140 1303 --
2184 1258 2276 1319 τῶ
2318 1247 2392 1319 δ’.
2493 1259 2632 1338 Ipse
2689 1261 2929 1340 linguae
2987 1279 3131 1323 usus

540 1366 836 1445 postulat,
885 1372 947 1424 ut
991 1368 1411 1427 correctionem
1457 1358 1594 1426 τοτὲ
1638 1359 1744 1445 μέν
1789 1397 1878 1410 -
1921 1358 2057 1424 τοτὲ
2102 1357 2173 1425 δέ
2216 1380 2596 1443 respuamus3
2641 1383 2780 1426 nam
2826 1359 3018 1428 ἐνίοτε
3048 1398 3127 1413 -·

534 1465 673 1532 τοτὲ
717 1463 825 1550 μὲν
886 1504 972 1514 ——
1032 1462 1169 1529 τοτὲ
1230 1462 1300 1529 δὲ
1362 1471 1461 1528 vix
1524 1467 1758 1529 defendi
1819 1474 2036 1546 potest.
2138 1464 2255 1528 Sed
2296 1470 2477 1529 etiam
2517 1466 2816 1533 sententia
2859 1486 3013 1548 quae
3055 1486 3129 1532 ex

535 1576 787 1636 lectIone
829 1572 918 1662 τῷ
962 1566 1068 1653 μὲν
1114 1606 1197 1617 --
1257 1572 1346 1661 τῷ
1402 1566 1471 1633 δὲ
1538 1573 1799 1632 nascitur
1854 1571 2185 1632 accuratius
2241 1569 2638 1634 consideranti
2698 1572 2845 1633 nihil
2898 1571 3130 1636 molesti

535 1679 752 1741 habere
797 1677 1046 1743 videtur.
1099 1709 1182 1719 -
1247 1679 1327 1736 74
1373 1675 1449 1738 D.
1495 1693 1535 1755 η
1585 1659 1899 1755 πάσχομεν
1959 1693 2015 1735 τι
2055 1674 2324 1737 τοιοῦτον
2364 1667 2502 1757 περὶ
2542 1664 2621 1738 τὰ
2663 1670 2725 1737 ἐν
2767 1676 2893 1745 τοῖς
2931 1659 3132 1748 ξόλοις

533 1802 599 1845 τε
641 1774 747 1843 καὶ
790 1773 878 1850 οἷς
918 1779 1019 1842 νῦν
1069 1770 1144 1859 δὴ
1191 1774 1475 1860 ἐλέγομεν
1519 1780 1645 1849 τοῖς
1684 1773 1871 1848 ἴσοις·
1917 1763 2045 1858 ἆρα
2089 1772 2367 1859 φαίνεται
2405 1770 2543 1860 ἡμῖν
2589 1767 2789 1848 οιῖτως
2828 1773 2936 1843 ἴσα
2975 1769 3134 1843 εἶναι

514 1876 751 1968 ’ὥσπερ
798 1874 946 1947 αότό
1011 1871 1051 1945 ὃ
1091 1880 1246 1946 ἔστιν
1290 1878 1422 1946 ἴσον
1465 1902 1504 1964 η
1557 1878 1714 1944 ἐνδεῖ
1766 1902 1821 1944 τι
1864 1876 2099 1946 ἐκείνου
2143 1872 2213 1943 τό
2262 1901 2343 1965 μη
2387 1883 2654 1947 τοιοῦτον
2701 1875 2853 1946 εἶναι
2894 1874 3021 1946 οἷον
3062 1873 3132 1945 τό

531 1985 665 2053 ἴσον
708 1981 751 2071 ἢ
798 1979 1004 2068 οὸδένς
1068 1988 1154 2052 01.
1204 1972 1352 2053 atini
1397 1982 1549 2049 ἐστιν
1607 1973 1655 2068 ἦ
1708 1980 1823 2070 (pr.
1867 2005 1947 2050 m.
1993 1975 2060 2068 ἤ)
2105 1980 2267 2049 ἐνδεῖ
2305 1987 2418 2051 τῶι
2460 1980 2693 2049 ἐκείνου
2734 1988 2825 2076 τῷ·
2863 1988 3131 2051 τοιοῦτον

533 2085 705 2158 εἶναι’
743 2087 867 2157 οἷον
925 2111 982 2155 κ.
1025 2112 1077 2154 τ.
1119 2092 1177 2155 λ.
1280 2092 1376 2154 Ad
1422 2087 1573 2154 ἐστιν
1615 2094 1680 2153 in
1722 2110 1843 2169 mg.
1885 2086 2019 2154 ἴσον
2063 2088 2168 2174 (m.
2214 2087 2388 2174 rec.).
2476 2092 2547 2154 In
2590 2093 2741 2154 Tub.
2787 2082 2937 2154 αότό
3092 2112 3127 2155 ο

695 2189 796 2247 ἴσον
2954 2193 3059 2231 ras·

543 2263 694 2330 ἐστιν
736 2256 785 2348 ἢ
828 2260 988 2328 ἐνδεῖ
1051 2284 1106 2327 τι
1129 2307 1145 2324 .
1167 2307 1184 2325 .
1208 2307 1222 2325 .
1249 2307 1263 2325 .
1329 2261 1532 2346 (antea
1574 2261 1691 2348 τῶ)
1752 2258 1988 2327 ἐκείνου
2046 2267 2135 2328 τῶ
2197 2267 2465 2331 τοιοῦτον
2508 2258 2662 2329 εἶναι
2704 2257 2829 2330 οἷον
2873 2285 2931 2333 κ.
2974 2287 3028 2332 τ.
3074 2267 3130 2331 λ.

1125 2364 1215 2401 ΥδΒ

538 2443 609 2503 In
655 2442 789 2503 loco
835 2440 1244 2503 constituendo
1293 2438 1409 2499 duo
1456 2440 1754 2502 vocabula
1799 2441 2124 2503 omittenda
2169 2459 2298 2503 esse
2344 2443 2637 2515 videntur,
2682 2444 2934 2520 primum
2978 2437 3129 2522 ἴσον,

540 2549 747 2608 deiude
794 2529 897 2626 μή.
984 2543 1134 2606 Voc.
1179 2538 1310 2605 ἴσον
1357 2545 1480 2603 iam
1524 2545 1871 2607 'ruricenses
1916 2547 2276 2608 incluserunt
2319 2565 2429 2608 nec
2473 2547 2644 2608 video
2692 2564 2793 2608 cur
2838 2548 3129 2610 Herman-

536 2671 648 2712 nus
744 2667 923 2713 uncos
998 2650 1207 2710 iterum
1284 2652 1638 2728 removerit3
1731 2640 1814 2732 μὴ
1892 2653 2109 2713 οωίεεο
2181 2651 2499 2730 legendum
2578 2660 2667 2714 est
2741 2668 2875 2714 cum
2946 2652 3136 2712 Hein-

540 2755 727 2818 dorfio
771 2742 819 2835 ἢ
863 2748 1021 2815 ἐνδεῖ
1062 2771 1115 2814 τι
1159 2748 1358 2814 ἐκεῖνα
1401 2754 1514 2813 τοῦ
1554 2755 1820 2816 τοιοῦτον
1867 2747 2017 2817 εἶναι
2060 2747 2204 2819 οἷον.
2270 2789 2347 2801 -
2420 2758 2498 2816 79
2546 2756 2620 2817 Α.
2667 2743 2824 2817 ἄλλο
2869 2774 2925 2817 τι
2963 2740 3136 2836 ἡμῶν

539 2849 736 2922 αότῶν
780 2850 849 2919 τὸ
897 2852 1003 2940 μὲν
1051 2843 1236 2937 σῶμόί
1281 2851 1438 2933 ἐστι,
1483 2850 1551 2918 τὸ
1600 2853 1670 2919 δὲ
1716 2843 1911 2942 ψυχῆς
1960 2850 2156 2921 Οὸδὲν
2189 2848 2365 2922 ἄλλο.
2431 2861 2657 2933 ¹Antius
2689 2867 2747 2921 et
2774 2858 3134 2921 Schmidtius

535 2983 879 3043 responsum
936 2952 1113 3025 ου’δὲν
1162 2952 1316 3026 ἄλλο
1365 2969 1657 3042 urgentes,
1700 2951 1745 3045 ἢ
1789 2964 1949 3041 quod
1997 2965 2085 3028 01.
2130 2967 2190 3024 in
2236 2983 2355 3041 mg.
2402 2964 2582 3026 habet
2625 2973 2762 3043 post
2804 2956 2973 3046 ἡμῶν
3018 2952 3134 3025 αιῗ-

534 3072 653 3133 τῶν
721 3071 1126 3147 interpositum
1189 3066 1417 3128 volunt.
1521 3067 1640 3128 Sed
1686 3086 1806 3130 nou
1854 3087 1987 3130 raro
2032 3070 2115 3148 fit,
2182 3078 2246 3131 ut
2303 3087 2649 3149 responsum
2694 3089 2815 3132 non
2860 3077 3135 3132 accurate

537 3182 822 3252 congruat
867 3192 999 3235 curn
1046 3174 1500 3249 interrogatione
1545 3173 1619 3235 cf.
1668 3172 1877 3233 Phileb
1926 3174 2011 3234 54
2054 3174 2125 3237 B.
2172 3167 2231 3234 τί
2274 3158 2386 3235 οὖν
2442 3163 2553 3235 οιῗκ
2599 3162 2783 3243 αότός
2826 3162 3135 3254 ἀπεκρίνω

538 3280 746 3368 σαυτῷ
790 3265 850 3339 ῶ
878 3264 1235 3358 Σῶκρατεςς
1284 3264 1480 3337 Ου’δὲν
1526 3264 1621 3337 ὅτι
1662 3267 1756 3337 οὔ.
1803 3310 1888 3322 --
1935 3279 2019 3338 80
2049 3278 2128 3337 Β.·
2162 3271 2404 3358 ἔχομέν·
2429 3296 2483 3341 τι
2522 3269 2692 3358 παρὰ
2733 3276 2927 3339 ταῦτα
2971 3267 3134 3339 ἄλλο

536 3378 724 3466 λέγειν
771 3369 829 3444 ὦ
875 3375 1013 3462 φίλε
1057 3375 1288 3462 Κέβης,
1336 3372 1424 3449 ῶς
1470 3369 1587 3461 οόχ
1629 3370 1827 3451 οὕτως
1868 3376 2027 3460 ἔχεις
2076 3369 2209 3442 Οόκ
2236 3376 2477 3462 ἔχομεν.
2547 3382 2620 3442 In
2653 3372 2751 3443 01.
2797 3389 2912 3443 ext.
2956 3368 3020 3463 ἦ,
3064 3383 3130 3442 in

535 3507 654 3565 mg.
700 3476 744 3568 ἢ
790 3469 911 3564 ῶςς
957 3486 1110 3546 Tub.
1141 3473 1205 3564 ἤ.
1274 3485 1550 3545 Fortasse
1594 3484 1908 3561 legendum
1950 3473 2003 3569 η’
2034 3473 2151 3566 οόχ
2183 3473 2382 3557 οὕτως
2424 3482 2569 3568 ἔχει.
2602 3519 2689 3531 -
2725 3488 2809 3547 80
2835 3486 2900 3547 0.
2944 3487 3006 3546 in
3038 3485 3125 3550 01.

536 3587 640 3673 μὲν
686 3599 823 3670 post
866 3591 1044 3678 tinem
1089 3608 1294 3650 versus
1341 3589 1606 3650 additum
1629 3585 1711 3672 ¹);
1759 3597 1946 3667 recte;
1992 3609 2131 3649 nam
2178 3593 2355 3652 etiam
2400 3591 2551 3651 Tub.
2596 3593 2658 3650 in
2703 3597 2977 3651 contextu
3023 3591 3129 3650 ha·

537 3697 639 3757 bet
682 3690 810 3776 μέν.
852 3728 941 3740 --
987 3696 1070 3756 80
1115 3695 1186 3759 Ε.
1251 3694 1321 3755 de
1382 3697 1580 3754 anima
1640 3694 1881 3755 dicitur:
1938 3688 2126 3776 μηδὲν
2183 3695 2293 3757 τοῦ
2339 3681 2623 3774 σώματος
2665 3689 3133 3775 ξυνεφέλκουσα,

538 3790 647 3863 οἵτε
692 3789 864 3862 ουδὲν
916 3800 1293 3861 κοινωνοῦσα
1340 3787 1518 3883 αιῖτῶ
1558 3793 1620 3860 ἐν
1661 3799 1756 3882 τῶ
1797 3793 1914 3886 βίῳ
1960 3795 2188 3860 ἑκοῦσα
2231 3791 2381 3861 εἶναι
2426 3787 2586 3862 ἀλλὰ
2632 3787 2939 3880 φεύγουσα
2985 3781 3135 3862 αότο

535 3899 639 3967 καὶ
679 3899 1154 4027 ouvnflpotopem
1218 3891 1368 3982 αότὴ
1432 3897 1517 3974 εἰς
1577 3888 1797 3985 αυτήν,
1860 3892 1972 3963 ὅτε
2030 3901 2349 3983 μελετῶσα
2406 3891 2501 3965 αεὶ
2542 3903 2717 3965 τοῦτο
2778 3905 2865 3969 01.
2908 3908 2971 3965 in
3015 3922 3137 3982 mg.

543 3999 698 4091 αυτὴ
747 4001 831 4079 εἰς
878 3999 1082 4088 αυτὴν.
1170 4007 1542 4084 Quamquam
1589 4024 1769 4084 saepe
1814 4010 2012 4070 anima
2058 3994 2210 4088 αότὴ
2259 4000 2342 4077 εἷς
2385 3991 2600 4088 αυτήν,
2649 4026 2798 4088 αυτη
2835 3997 2977 4072 καθ’
3021 4002 3135 4071 αὕ-

536 4132 641 4194 την
692 4106 1106 4193 ἀθροίζεσθαι,
1155 4099 1500 4189 αγείρεσθαι
1542 4114 1601 4174 iu
1636 4111 1962 4173 Phaedone
2008 4113 2233 4190 dicitur,
2278 4120 2474 4176 tamen
2520 4112 2680 4173 haud
2720 4113 2844 4174 scio
2891 4131 2968 4173 an
3011 4114 3135 4174 suf·

536 4219 697 4279 ficiat
742 4209 1262 4296 συναθροίζεσθαι,
1310 4233 1441 4275 cum
1487 4233 1582 4276 res
1623 4219 1950 4295 participiis
1982 4217 2296 4278 cumulatis
2322 4220 2483 4280 ,satis
2531 4211 2687 4278 clare
2717 4234 2997 4294 expressa
3039 4220 3136 4281 sit.

537 4354 620 4368 --
670 4324 746 4384 99
796 4322 872 4410 D,
916 4310 1001 4401 μὴ
1045 4304 1298 4401 πάθοιμι
1341 4307 1492 4400 ὅπερ
1538 4314 1596 4382 οἱ
1652 4311 1755 4396 τὸν
1802 4310 1988 4402 ἥλιον,
2018 4315 2371 4385 ἐκλείποντα
2413 4320 2789 4403 θεωροῦντες
2831 4314 2937 4384 καὶ
2977 4340 3132 4386 σκο-

687 4544 734 4615 1)
772 4543 839 4597 In
873 4546 975 4599 hoc
1011 4546 1150 4599 enim
1187 4544 1316 4600 folio
1352 4545 1606 4599 schedula
1640 4547 1741 4600 sub
1778 4545 1934 4600 finem
1969 4546 2124 4602 auita
2159 4551 2258 4602 est.
