3509 5375
2819 522 2938 591 145

340 704 491 782 mus,
552 688 711 781 quod
770 692 960 781 prima
1006 718 1217 764 manus
1265 689 1350 764 cl.
1396 709 1454 764 et
1499 696 1649 766 Tub.
1694 688 1953 766 servant.
2004 734 2085 748 -
2136 702 2255 763 107
2306 702 2379 766 Α.
2429 685 2545 763 «imi
2592 684 2808 783 μέντοῖ
2833 704 2944 764 τοῦ

339 801 634 886 μεγέθους
687 800 825 887 περὶ
883 795 969 866 ὦν
1029 802 1084 867 οἱ
1136 794 1307 886 λόγοι
1351 800 1502 882 εἶσί,
1547 802 1650 868 καὶ
1691 802 1801 888 τήν
1847 796 2228 888 ἀνθρωπίνην
2276 796 2590 869 ἀσθένειαν
2641 792 2941 889 ἀτιμάζων

343 897 759 991 ἀναγκάζομαι
803 901 1074 972 ἀπιστίαν
1137 906 1223 972 ἔτι
1265 906 1423 991 ἔχειν
1466 900 1608 993 παρ’
1649 906 1901 996 ἐμαυτῷ·
1941 901 2081 992 περὶ
2124 911 2243 970 τῶν
2289 904 2636 991 εἰρημένων.
2749 913 2832 974 cl.
2878 915 2938 972 in

343 1034 463 1093 mg.
522 1004 632 1076 οόκ
689 1002 1010 1096 ἀτιμάζων.
1098 1013 1214 1077 Sed
1275 1025 1436 1077 recta
1481 1017 1923 1096 Wyttenbacbii
1977 1016 2124 1076 haec
2183 1019 2585 1095 interpretatio
2637 1017 2754 1077 loci
2818 1025 2941 1077 est:

340 1120 659 1181 humanam
720 1120 1181 1181 imbecillitatem
1249 1129 1451 1182 tantae
1515 1125 1807 1182 rationum
1877 1119 2264 1196 magnitudini
2328 1121 2770 1198 perspiciendae
2835 1123 2950 1204 im7
3001 1136 3020 1163 ⁸

340 1242 542 1301 parem
610 1227 968 1286 existimans.
1033 1258 1114 1270 -
1186 1227 1311 1285 110
1356 1228 1431 1286 A.
1494 1216 1563 1285 τό
1631 1214 1884 1307 ἀληθῶς
1950 1223 2105 1305 (puk.
2214 1223 2393 1285 Scioli
2472 1232 2564 1284 est
2629 1226 2939 1287 adnotatio

341 1333 402 1389 in
470 1347 590 1406 mg.
655 1329 745 1389 Ol.
819 1325 933 1408 (ω.
983 1324 1065 1410 a.)
1127 1313 1435 1409 ἀληθινόν.
1556 1330 1707 1391 Tub.
1779 1329 2047 1411 αληθως.
2108 1362 2189 1374 —-
2257 1332 2379 1389 110
2424 1331 2494 1389 Β.
2560 1323 2613 1389 εἰ
2670 1319 2785 1409 γάρ
2850 1327 2948 1389 δεῖ

343 1426 450 1494 καὶ
488 1432 680 1513 μῦθον
710 1427 900 1513 λέγειν
947 1421 1214 1515 [καλόν],
1262 1426 1424 1503 ἄξιον
1456 1428 1754 1511 ἀκοῦσαι,
1802 1425 1903 1495 οἶα
1946 1427 2254 1523 τυγχάνει
2263 1427 2339 1493 τὰ
2383 1427 2482 1495 ἐπὶ
2521 1433 2631 1514 τῆς
2674 1434 2780 1514 γῆς
2826 1425 2941 1494 υπο

340 1557 430 1622 τῳ
478 1525 720 1627 ουρανῷ
762 1527 927 1598 ὄντα.
984 1525 1175 1600 καλόν
1218 1547 1528 1600 contextus
1559 1539 1646 1602 cl.
1692 1556 1812 1598 non
1844 1538 2055 1617 habet;
2115 1538 2245 1598 sola
2284 1555 2404 1613 mg.
2450 1539 2695 1615 praebet
2737 1511 2944 1599 καλὸν

343 1637 468 1704 καί.
586 1643 762 1703 Error
832 1641 970 1703 inde
1037 1649 1197 1703 ortus
1264 1650 1383 1721 est,
1459 1643 1618 1721 quod
1693 1660 1825 1702 cum
1901 1633 2091 1704 καλᾶν
2167 1642 2526 1718 adscriptum
2604 1649 2791 1718 esset,
2868 1642 2944 1700 ad

343 1738 538 1808 καλὸν
596 1763 732 1807 oum
787 1735 969 1819 αξιον,
996 1747 1392 1825 copulandum
1444 1745 1684 1829 (stultus
1731 1750 1889 1806 enim
1934 1744 2207 1807 librarius
2255 1734 2423 1814 ἄξιον
2469 1746 2545 1805 ad
2588 1745 2781 1827 μυθον
2826 1754 2944 1806 tra-

347 1846 555 1930 hebat)
599 1844 707 1912 καὶ
746 1855 1144 1913 necessarium
1187 1852 1300 1913 suit
1341 1851 1616 1913 adscribi.
1725 1851 1804 1912 Ut
1845 1853 2192 1928 interpretes
2238 1843 2343 1911 καὶ
2385 1858 2800 1926 removerunt,
2861 1853 2946 1911 ita

348 1952 673 2015 debuerunt
732 1958 911 2017 etiam
957 1941 1149 2019 καλόν
1209 1958 1422 2023 eicere.
1466 1987 1548 2001 -—
1601 1955 1725 2021 110
1769 1954 1849 2018 D.
1895 1942 2073 2035 ἄνθη.
2162 1953 2235 2012 In
2263 1971 2403 2030 mg.
2451 1953 2538 2015 01.
2582 1953 2788 2031 glossa
2832 1949 2946 2034 (m.

347 2051 439 2137 a.)
485 2046 668 2140 ἄλση.
713 2091 792 2102 -—-
845 2061 962 2120 111
1015 2060 1083 2125 G.
1125 2050 1408 2140 ὁρᾶσθαι.
1484 2058 1556 2120 In
1602 2058 1861 2134 mg.-c1.
1907 2057 2109 2134 glossa
2155 2054 2266 2137 (m.
2310 2054 2393 2138 a.)
2436 2055 2830 2138 θεωρεῖσθαι.
2858 2091 2945 2102 --

351 2165 470 2223 111
521 2161 596 2225 D.
638 2154 796 2226 πολό
839 2157 946 2243 μὲν
991 2151 1165 2244 ὕδωρ
1211 2146 1338 2243 ῥεῖν
1384 2157 1453 2232 ἐξ
1494 2152 1783 2241 ἀλλήλων
1830 2154 1917 2232 εἷς
1962 2149 2273 2242 ἀλλήλους
2318 2150 2530 2243 ὥσπερ
2577 2155 2663 2229 εἰς
2705 2160 2944 2240 κρατῆ-

198 2340 230 2369 ⁶
346 2284 458 2348 ρας
504 2300 581 2313 -
629 2259 809 2328 πολιὶ-
849 2260 921 2328 δὲ
976 2267 1096 2348 πῦρ
1154 2260 1263 2328 καὶ
1316 2257 1513 2347 πυρὰς
1568 2255 1876 2347 μεγάλους
1917 2257 2275 2349 ποταμούς,
2336 2255 2603 2336 πολλοὸς
2647 2260 2717 2324 δὲ
2762 2248 2947 2344 ὅγροῦ

346 2368 547 2450 πηλοῦ
595 2387 655 2433 κ.
694 2390 747 2430 τ.
790 2370 853 2433 λ.
947 2372 1067 2433 Pro
1129 2365 1207 2433 δὲ
1259 2379 1397 2433 ante
1456 2353 1649 2453 ιῗγροό
1704 2375 1766 2433 in
1824 2388 1943 2447 mg.
1992 2371 2082 2433 cl.
2127 2371 2343 2447 legitur
2386 2390 2471 2433 τε.
2562 2369 2677 2432 Sed
2725 2373 2783 2428 in
2830 2369 2945 2429 hac

344 2473 652 2551 anaphora
693 2475 1021 2552 particulae
1059 2470 1165 2555 μὲν
1212 2508 1294 2523 --
1341 2469 1412 2537 δὲ
1455 2474 1756 2552 legitimae
1802 2483 1960 2535 sunt.
2005 2508 2086 2520 —
2154 2477 2274 2536 112
2317 2477 2383 2535 E.
2429 2468 2710 2554 τυγχάνει
2753 2461 2945 2553 δ’ἆρα

344 2566 494 2637 ὄντα
538 2570 602 2639 ἐν
645 2563 877 2648 τούτοις
918 2581 1043 2649 τοῖς
1084 2579 1335 2649 πολλοῖς
1376 2568 1610 2661 τέτταρ’
1654 2568 1814 2643 ἄττα
1855 2564 2148 2660 ρἐόματα.
2238 2579 2356 2639 Pro
2401 2568 2557 2639 ἅττα
2587 2578 2675 2640 Cl.
2720 2582 2780 2637 in
2825 2594 2948 2653 mg.

344 2669 495 2744 ’ὄντα
526 2682 683 2760 quod
715 2701 836 2744 non
870 2682 1172 2761 intellego.
1218 2717 1300 2731 —-
1350 2685 1474 2745 115
1505 2687 1578 2748 A.
1628 2682 1800 2746 δοκεῖ
1829 2674 1943 2764 γάρ
1994 2675 2070 2764 δὴ
2104 2678 2335 2762 βέλτιον
2357 2675 2527 2752 ,εἶναι
2569 2668 2950 2761 λουσάμενον

341 2787 493 2846 πιεῖν
550 2777 622 2847 τὰ
686 2775 1005 2868 φάρμακον
1048 2784 1154 2849 καὶ
1198 2781 1281 2870 μὴ
1326 2779 1649 2869 πράγματα
1699 2791 1835 2857 ταῖς
1875 2783 2093 2869 γυναιξὶ
2135 2783 2420 2869 παρέχειν
2464 2777 2682 2869 νεκρὸν
2728 2773 2947 2847 λούειν.

346 2890 465 2948 Pro
512 2874 590 2969 δή
637 2907 715 2954 m.
763 2910 819 2953 a.
866 2879 915 2972 ἢ
956 2896 1356 2969 suprascripto
1403 2894 1737 2969 corrigebat
1781 2881 1905 2973 ἤδη
1954 2892 2112 2969 quod
2156 2890 2275 2951 Hd.
2325 2898 2527 2968 utpote
2570 2891 2944 2950 incommode

349 2992 706 3054 inculcatum
753 2997 939 3056 eiecit.
1012 2994 1131 3056 Sed
1176 2996 1228 3056 si
1275 2988 1351 3075 δὴ
1395 3015 1504 3074 pro
1546 2984 1670 3077 ἤδη
1717 2999 2066 3073 reposueris,
2112 2994 2256 3054 nihil
2303 2995 2652 3055 incommodi
2700 2995 2945 3054 habebis

350 3099 422 3158 cf.
471 3100 548 3159 63
596 3098 674 3159 D.
722 3132 801 3143 —
853 3102 973 3161 115
1021 3100 1086 3163 C.
1149 3088 1416 3182 γελάσας
1469 3095 1537 3161 δὲ
1599 3091 1729 3181 ἅμα
1790 3084 2002 3181 ἥσυχῃ·
2041 3095 2151 3162 καὶ
2191 3090 2344 3181 πρὸς
2386 3091 2545 3180 ἡμᾶς
2591 3087 2947 3180 ἀποβλέψας

347 3195 527 3282 εἶπεν,
575 3191 669 3265 Ου’
707 3198 906 3266 πείθω
947 3199 1070 3287 ἔφη
1118 3191 1177 3265 ὦ
1221 3193 1442 3287 ἄνδρες
1468 3201 1767 3287 Κρίτωνα.
1844 3205 1934 3265 (31.
1978 3201 2099 3286 ἔφη
2146 3190 2208 3265 (ἶ
2253 3224 2433 3282 supra
2473 3205 2577 3264 lin.
2622 3204 2762 3264 hab.
2792 3203 2945 3263 Tub.

351 3322 465 3366 om.
510 3306 721 3371 Stallb.
772 3309 957 3385 „Post
1002 3301 1163 3370 εἶπεν
1209 3310 1365 3388 quod
1410 3311 1741 3373 subiectum
1789 3316 1880 3370 est
1924 3303 2044 3389 ἔφη
2056 3353 2078 3385 ,
2125 3310 2182 3369 id
2229 3313 2336 3369 etsi
2383 3312 2440 3367 in
2488 3309 2659 3373 codd.
2704 3308 2939 3386 quibus-

350 3412 513 3476 dam.
538 3414 720 3492 deest,
764 3419 961 3476 tamen
1008 3424 1320 3477 attrectare
1363 3416 1537 3481 noli.'
1594 3416 1760 3477 Infra
1806 3435 1865 3493 p.
1916 3419 2035 3476 118
2083 3416 2158 3476 A.
2203 3407 2367 3477 εἶπέν
2428 3398 2488 3474 ul
2529 3408 2759 3495 Κρίτων
2801 3408 2946 3494 ἔφη.

349 3517 427 3579 Et
470 3521 559 3580 sic
602 3518 818 3581 Graeci
862 3539 982 3581 non
1026 3519 1222 3583 raro.“
1327 3520 1496 3582 Haec
1553 3523 1990 3599 argumentatio
2043 3521 2187 3579 mihi
2231 3537 2350 3580 non
2394 3518 2699 3597 probatur.
2789 3519 2942 3579 Nam

355 3623 514 3700 quod
559 3622 673 3685 hoc
718 3623 815 3684 vel
859 3623 1002 3686 illud
1047 3632 1247 3703 potest
1293 3624 1427 3702 dici,
1472 3628 1604 3702 quis
1637 3633 1746 3704 est,
1793 3627 1892 3702 qui
1930 3643 2036 3685 nos
2069 3633 2245 3701 cogat
2289 3625 2347 3683 id
2394 3626 2668 3701 recipere,
2716 3624 2945 3681 etiamsi

351 3745 528 3786 manu
574 3728 830 3790 secunda
859 3727 1138 3790 traditum
1168 3728 1302 3791 est?
1346 3727 1536 3790 Immo
1566 3738 1788 3792 rectum
1822 3735 1912 3790 est
1945 3736 2281 3790 constanter
2312 3729 2473 3807 quod
2501 3746 2710 3787 manus
2754 3730 2946 3804 prima

353 3829 486 3890 libri
546 3836 727 3893 nostri
787 3834 1053 3912 praebet,
1118 3842 1594 3912 repraesentare,
1676 3837 1789 3894 nisi
1860 3831 1918 3892 id
1980 3834 2404 3910 grammaticae
2463 3830 2562 3891 vel
2618 3834 2945 3892 sententiae

356 3934 721 4000 adversatur.
807 3939 1015 4018 Itaque
1059 3935 1181 4021 ἔφη
1225 3940 1699 4016 removebimus,
1763 3925 1819 3998 ai
1865 3944 2063 3998 autem
2112 3955 2243 3997 cum
2274 3936 2554 3997 facillime
2585 3944 2719 4014 post
2747 3932 2950 3998 πείθω

357 4040 703 4101 intercidere
755 4046 1051 4121 potuerit,
1105 4043 1497 4106 servabimus.
1599 4043 1827 4106 Eadem
1880 4040 2114 4102 medela
2157 4040 2496 4100 adhibenda
2541 4041 2773 4101 videtur
2816 4056 2946 4099 esse

360 4146 435 4203 61
488 4139 555 4204 0.
599 4133 675 4203 oti
696 4134 1045 4225 ’φιλόσοφος
1071 4136 1331 4227 Εόηνόςς
1358 4137 1615 4228 Ἔμοιγε
1661 4143 1830 4207 δοκεῖ
1872 4140 1996 4227 ἔφη
2040 4129 2077 4205 ὅ
2104 4140 2372 4224 Σιμμίας.
2452 4134 2775 4226 Ἐθελήσει
2818 4138 2950 4204 τοί-

355 4264 457 4309 νυν
508 4242 635 4329 ἔφη
689 4243 793 4309 καὶ
834 4237 1069 4329 Ειῗηνός
1123 4244 1231 4312 καὶ
1285 4251 1408 4319 πᾶς
1452 4240 1579 4339 ὅτῳ
1624 4239 1807 4321 ἀξίως
1847 4237 2067 4311 τούτου
2113 4251 2225 4310 τοῦ
2265 4236 2620 4331 πράγματος
2660 4244 2948 4328 μέτεστιν.

358 4383 442 4398 -
498 4346 623 4414 Καὶ
677 4341 810 4434 ἅμα
864 4348 1063 4435 λέγων
1117 4354 1309 4418 ταῦτα
1368 4355 1605 4436 καθῆκε
1663 4345 1738 4416 τοὶ
1800 4350 2012 4438 σκέλη.
2097 4356 2185 4419 Μ.
2232 4359 2531 4417 recentiss.
2572 4349 2692 4434 ἔφη
2737 4372 2948 4431 supra-

356 4460 622 4544 scripsit3
681 4475 799 4522 om.
832 4460 986 4524 Τοῦ.
1031 4477 1150 4538 quo
1196 4477 1397 4522 carere
1441 4476 1552 4522 nos
1596 4478 1773 4539 posse
1819 4461 2227 4522 demonstrant
2271 4477 2404 4520 cum
2450 4458 2549 4519 alii
2594 4456 2710 4519 loci
2752 4458 2946 4517 Phae·

360 4562 530 4624 donis
575 4569 698 4624 tum
728 4567 927 4625 statim
958 4567 1273 4642 insequens
1302 4583 1643 4644 responsum
1675 4565 1934 4627 Socratis
1964 4561 2039 4626 Τί
2079 4560 2180 4644 δέ;
2225 4552 2339 4625 otiu
2370 4553 2675 4644 ἀκηκόατε
2716 4581 2772 4626 κ.
2804 4582 2856 4627 τ.
2887 4562 2945 4626 λ.

359 4667 575 4733 Nostro
621 4671 754 4732 loco
800 4678 1038 4749 propter
1068 4670 1252 4731 verba
1295 4664 1400 4733 καὶ
1429 4703 1511 4715 -
1541 4670 1780 4753 καθῆκε
1825 4673 1991 4731 cuius
2023 4671 2204 4731 verba
2249 4658 2524 4751 ἐθελήσει
2563 4686 2620 4728 κ.
2648 4684 2702 4732 τ.
2730 4666 2788 4729 λ.
2831 4670 2951 4727 sint

408 4785 624 4829 solunt
681 4788 833 4831 Novae
857 4786 1262 4831 commentationes
1286 4787 1566 4832 Platonicae.
2468 4769 2531 4823 10
