3509 5375
2860 538 2972 600 ιω
3065 612 3070 621 ‚

561 733 619 794 p.
665 715 745 775 25
794 714 870 777 D.
917 701 1229 795 ἀπόκριναι
1272 732 1324 774 (υ
1367 698 1574 794 “γαθέ.
1663 706 1748 777 Cl.
1797 704 2150 797 ἀποκρίνου.
2238 716 2321 779 Μ.
2368 732 2482 778 rec.
2532 716 2785 776 correxit
2830 698 2983 775 ἇπᾶ-

387 835 597 900 κριναι.
698 819 816 881 Sed
872 815 1084 879 vellem
1145 818 1401 881 editores
1462 838 1707 882 causam
1769 821 2103 882 attulissent
2160 836 2282 897 qua
2340 821 2580 898 impulsi
2624 821 2982 897 scripserunt

390 906 729 1003 ἀπόκριναι.
812 923 1101 1001 Equidem
1148 923 1373 983 nullum
1417 926 1680 986 invenire
1722 942 2001 1004 possum3
2062 942 2202 986 nam
2258 913 2601 1007 a'vtoxpivoo.
2646 924 2802 1002 apud
2846 923 2986 985 Pla·

390 1035 589 1091 tonem
652 1029 1122 1107 frequentissime
1183 1028 1427 1107 legitur,
1486 1030 1548 1090 id
1596 1029 1753 1107 qnod
1817 1030 2108 1108 exempla·¹
2143 1034 2422 1099 evincunt,
2479 1048 2633 1108 quae
2682 1029 2792 1091 Ast
2839 1031 2984 1097 Lex.

393 1131 529 1193 Vol.
583 1133 615 1194 1
674 1153 733 1212 p.
774 1135 901 1194 239
965 1136 1282 1210 congessit.
1382 1136 1476 1197 An
1535 1132 1787 1196 editores
1847 1148 2088 1197 manum
2149 1134 2472 1196 secundam
2532 1137 2720 1214 pluris
2764 1136 2988 1197 faciunt

386 1254 568 1316 qnam
615 1238 916 1315 primam?
2619 1246 2638 1257 “

558 1360 639 1419 28
687 1359 752 1423 G.
801 1360 873 1420 de
917 1358 1166 1422 Thetide
1213 1364 1272 1422 et
1319 1356 1548 1422 Achille
1592 1378 1785 1463 sermo
1833 1364 1955 1438 csl3
2016 1348 2225 1443 ἐπειδη
2271 1355 2434 1424 εἶπεν
2479 1345 2522 1422 r‘
2565 1351 2763 1443 μήτηρ
2811 1352 2991 1448 αιίτῷ

373 1459 859 1578 προθυμουμένῳ
887 1455 1164 1546 Ἕκτορα
1224 1455 1598 1538 ἀποκτεῖναι,
1610 1454 1720 1527 'sil
1724 1455 1791 1536 ὂς
1853 1482 2043 1542 ουσα,
2092 1451 2332 1527 our-mov?
2358 1484 2519 1545 πως,
2567 1485 2657 1537 ως
2702 1455 2982 1550 ἐγωμαι·

377 1582 431 1626 ω
476 1568 616 1641 παῖ,
663 1562 715 1628 εἰ
756 1560 1111 1651 τιμωρήσεις
1151 1560 1493 1657 Πατρόκλῳ
1532 1568 1630 1655 τῷ
1672 1564 1898 1659 ἑταίρῳ
1944 1561 2044 1631 τόν
2091 1558 2276 1652 φόνον
2323 1565 2426 1633 καὶ
2455 1561 2746 1652 Ἕκτορα
2779 1562 2979 1633 ἄποκ-
3055 1624 3066 1637 .

375 1672 594 1750 τενεῖς,
640 1660 824 1744 αυτὸς
869 1663 1199 1736 ἀποθανεῖ·
1244 1662 1464 1735 αυτίκα
1508 1661 1624 1753 γᾶρ
1667 1692 1793 1753 τοι,
1842 1669 2010 1756 φησί,
2057 1693 2130 1756 με
2103 1664 2201 1736 08³
2231 1666 2509 1756 Ἕκτορα
2552 1665 2780 1756 πότμος
2825 1671 2979 1737 ἕτοι-

382 1795 514 1860 μος.
609 1796 661 1838 ω
725 1780 838 1840 παῖ
897 1798 972 1842 m.
1019 1796 1132 1840 rec.
1179 1780 1239 1839 in
1282 1797 1401 1856 mg.
1450 1778 1535 1841 cl.
1583 1780 1915 1860 supplevit,
1964 1796 2076 1843 om.
2125 1797 2210 1857 pr.
2257 1776 2330 1840 Π.
2421 1782 2748 1842 Vocativus
2807 1782 2980 1840 inter-

376 1882 667 1962 polatoris
715 1901 844 1944 esse
896 1882 1149 1946 videtur.
1239 1884 1450 1962 Itaque
1495 1883 1671 1943 velim
1719 1886 1778 1941 in
1824 1888 2085 1959 margine
2130 1890 2382 1943 maneat.

573 2006 656 2065 29
682 2005 756 2067 A.
801 2013 953 2065 recte
999 2006 1243 2066 Cronius
1291 2022 1421 2064 cum
1468 2006 1698 2083 scripsit
1745 1997 1933 2066 δεινὸν
1979 1992 2090 2066 τᾶν
2135 1999 2230 2086 εἴη
2275 2006 2610 2084 suppletum
2656 1999 2763 2089 μὲν
2810 2023 2989 2067 manu

385 2109 793 2170 recentissima
836 2111 897 2171 in
944 2127 1060 2185 mg.
1110 2109 1198 2172 cl.
1245 2110 1466 2173 reiecit.
1557 2106 1628 2168 In
1673 2105 1728 2169 11
1774 2111 1914 2170 item
1960 2105 2065 2190 μὲν
2114 2109 2295 2173 deest.

552 2250 649 2329 40,
680 2249 750 2311 B.
810 2240 948 2328 ἐμοὶ
991 2242 1061 2309 δὲ
1108 2236 1252 2309 οὔτε
1312 2230 1521 2318 ἐξιόντι
1562 2240 1755 2311 ἕωθεν
1819 2241 2062 2310 οἴκοθεν
2125 2237 2468 2330 ἠναντιώθη
2532 2236 2602 2308 τὰ
2655 2246 2778 2329 ιτοῦ
2836 2246 2990 2309 θεοῦ

372 2356 619 2436 σημεῖον
687 2343 831 2415 οὔτε
893 2337 1077 2434 ἡνίκα
1145 2341 1454 2432 ἀνέβαινον
1514 2346 1796 2415 ἐνταυθοῖ
1850 2347 1948 2415 ἐπὶ
2003 2345 2074 2415 τὰ
2131 2340 2511 2434 δικαστήριον
2576 2340 2721 2412 οὔτε
2781 2346 2844 2415 ἐν
2887 2353 2980 2435 τῷ

2357 2462 2382 2481 ·
2937 2470 2984 2504 τι

368 2513 535 2612 λόγῳ
564 2516 844 2609 οόδαμοδ
883 2521 1165 2607 μέλλοντί
1203 2545 1259 2588 τι
1302 2521 1479 2607 ἐρεῖν.
1553 2526 1621 2586 In
1653 2525 1741 2588 cl.
1785 2520 2065 2606 μέλλοντί
2106 2543 2158 2587 τι
2202 2529 2287 2587 sic
2331 2527 2647 2604 scriptum:
2696 2519 2982 2606 μέλλοντί

377 2631 464 2696 St.
513 2631 824 2694 adnotavit
869 2633 1045 2692 ctiam
1092 2632 1154 2692 in
1196 2632 1348 2694 ch.
1379 2627 1452 2694 Π.
1502 2629 1821 2692 desiderari
1867 2649 1919 2691 τι
1962 2639 2097 2709 post.
2144 2624 2435 2713 μέλλοντι.
2528 2628 2762 2692 Riddell
2808 2639 2982 2710 putat

370 2746 674 2799 accentum
713 2737 978 2817 syllabae
1008 2735 1203 2797 finalis
1244 2739 1303 2795 in
1337 2730 1617 2817 μέλλοντί
1643 2738 1866 2814 primae
1898 2754 2106 2796 manus
2140 2754 2290 2798 esse.
2334 2736 2556 2797 Vereor
2587 2743 2654 2795 ut
2683 2735 2742 2795 id
2786 2739 2974 2814 possit

378 2840 738 2921 confirmari,
798 2844 1146 2918 praesertim
1191 2858 1322 2902 cum
1382 2859 1435 2904 τι
1479 2843 1944 2919 suprascriptum
1989 2858 2198 2900 manus
2243 2843 2386 2901 satis
2432 2821 2712 2917 antiquae
2758 2842 2867 2919 sit3
2925 2860 2980 2901 τι

383 2953 525 3024 puto
571 2946 987 3024 interpolatum
1035 2961 1222 3022 acque
1269 2961 1338 3003 ac
1385 2926 1472 3013 ai<
1516 2954 1651 3004 ante
1699 2932 1953 3026 ἀληθῶς
1998 2947 2080 3008 40
2125 2945 2202 3007 D.
2249 2946 2333 3005 Iis
2380 2943 2826 3022 interpretibus,
2874 2947 2974 3019 qui

376 3051 489 3111 hoc
534 3033 622 3120 αἷς
665 3067 784 3110 non
829 3050 1226 3127 admiserunt,
1295 3051 1580 3109 suaserim
1627 3056 1689 3108 ut
1736 3052 1917 3109 etiam
1961 3068 2015 3111 τι
2059 3053 2516 3129 suprascriptum
2564 3049 2837 3110 abiciant.
2902 3033 2984 3111 cf.

380 3156 462 3215 28
495 3155 566 3215 Β.
615 3155 712 3215 ubi
759 3162 896 3215 sunt
941 3158 1040 3232 qui
1087 3173 1160 3215 ex
1207 3172 1324 3214 uno
1371 3154 1540 3214 Paris
1569 3153 1630 3217 S.
1675 3171 1727 3213 τι
1771 3161 1906 3231 post
1950 3143 2092 3216 ὅταν
2138 3143 2370 3236 πράττη
2400 3154 2768 3230 adsciscant3
2817 3152 2975 3212 Crito

372 3260 455 3320 54
502 3260 575 3320 D.
621 3250 728 3320 ἐὰν
774 3252 954 3342 λέγῃς
995 3248 1166 3339 παρὰ
1210 3258 1402 3319 ταῦτα
1450 3259 1547 3319 ubi
1595 3259 1845 3338 Cronius
1892 3277 2026 3319 cum
2073 3259 2159 3321 cl.
2205 3278 2294 3337 pr.
2340 3256 2394 3320 Π
2438 3266 2595 3319 recte
2635 3276 2692 3318 τι
2736 3255 2975 3334 expulit.

551 3383 627 3440 41
682 3380 745 3444 Ο.
809 3370 884 3441 τά
939 3397 1006 3440 τε
1048 3368 1168 3460 γὰρ
1217 3370 1379 3441 ἄλλα
1422 3368 1943 3461 εᾶδαιμονέστεροί
1982 3373 2125 3441 εἰσιν
2169 3374 2227 3440 οἱ
2271 3374 2397 3441 ἐκεῖ
2437 3378 2561 3440 τῶν
2606 3368 2827 3440 ἐνθάδε
2870 3369 2976 3438 καὶ

364 3476 486 3568 ἤδη
531 3475 632 3547 τὸν
677 3476 885 3547 λοιπὸν
929 3474 1152 3566 χρόνον
1201 3471 1498 3547 ἀθάνατοί
1545 3477 1708 3561 εἰσιν,
1753 3479 1922 3568 εἴπερ
1968 3503 2036 3563 γε
2079 3473 2155 3546 τά
2201 3469 2500 3566 λεγόμενα
2532 3472 2756 3563 ἀληθῆ
2798 3475 2970 3544 ἐστιν.

365 3591 613 3651 Addidit
656 3584 828 3662 ,ἐστιν
898 3608 977 3651 m.
1040 3608 1158 3654 rec.
1214 3596 1349 3667 post
1407 3589 1580 3649 finem
1645 3606 1866 3649 versus.
1956 3589 2241 3667 Copulam
2287 3591 2466 3666 igitur
2510 3584 2804 3649 eiciemus.
2896 3586 2968 3648 cf.

376 3694 536 3756 Crito
585 3697 669 3755 44
713 3695 788 3756 A.
836 3688 889 3754 εἶ
931 3681 1115 3776 ταύτῃ
1158 3695 1283 3763 τοῖς
1325 3691 1495 3763 θεοῖς
1539 3687 1734 3772 φίλον.

542 3817 624 3878 42
675 3816 749 3875 A.
796 3803 1041 3897 ἄδηλον
1085 3808 1261 3877 παντὶ
1303 3801 1459 3896 πλὴν
1504 3803 1550 3895 ἢ
1593 3813 1682 3903 τῷ
1724 3813 1879 3899 θεῷ’.
1968 3814 2039 3874 In
2083 3812 2172 3876 01.
2219 3831 2297 3875 m.
2344 3814 2744 3875 recentissima
2783 3803 2848 3894 ἥ.
2895 3831 2974 3876 m.

361 3922 395 3983 Ι
439 3929 505 3983 nt
547 3919 785 3982 videtur
836 3912 910 3993 εἷ,
956 3920 1115 3999 quod
1162 3927 1399 3982 tuentur
1444 3922 1621 3982 etiam
1668 3916 1721 3980 Π
1767 3918 1812 3979 S
1857 3918 1930 3981 Τ.
2026 3917 2143 3980 Vel
2189 3924 2253 3977 ut
2297 3918 2519 3979 locutio
2563 3908 2717 3998 πλὴν
2761 3905 2807 3999 ἢ
2851 3916 2983 3976 nul-

372 4024 494 4086 lam
538 4023 759 4086 habeat
803 4023 1185 4093 offensionem
1231 4019 1331 4106 (cf.
1363 4024 1535 4086 Kock
1580 4024 1658 4084 ad
1691 4024 1890 4086 Arist.-
1916 4022 2069 4085 Nub.
2103 4020 2279 4104 361),
2324 4022 2387 4082 hi
2429 4022 2565 4083 libri
2608 4040 2718 4083 nos
2764 4029 2984 4097 cogunt

359 4128 615 4191 scribere
657 4119 817 4209 πλὴν
869 4121 923 4188 εἰ
969 4127 1131 4205 quod
1179 4130 1440 4189 Atticum
1487 4146 1620 4188 esse
1665 4134 1915 4191 constat.
1961 4128 2035 4190 cf.
2083 4129 2261 4188 etiam
2308 4128 2467 4191 Bait.
2512 4128 2587 4187 ad
2631 4127 2694 4187 h.
2737 4127 2777 4189 l.

544 4268 705 4331 Crito
737 4269 823 4329 54
855 4267 934 4331 D.
983 4256 1145 4331 ἀλλὰ
1188 4262 1332 4347 ἴσθι,
1380 4257 1501 4330 ὅσα
1544 4285 1614 4348 γε
1656 4258 1733 4327 τὰ
1779 4266 1878 4330 νῦν
1925 4260 2056 4348 ἐμοὶ
2084 4263 2404 4340 δοκοῦντα,
2450 4259 2557 4326 ἐὰν
2588 4259 2771 4348 λέγῃς
2812 4257 2983 4346 παρὰ

371 4374 583 4450 ταῦτα,
628 4359 823 4455 μάτην
865 4367 1024 4453 ἐρεῖς
1066 4375 1194 4435 iure
1238 4387 1345 4433 suo
1392 4365 1479 4443 ὥς
1523 4375 1631 4434 etsi
1674 4385 1857 4433 manu
1903 4374 2049 4434 satis
2082 4375 2326 4449 antiqua
2354 4388 2533 4449 supra
2564 4360 2669 4431 ἐοὶν
2700 4373 2979 4449 scriptum

366 4487 461 4542 cst
500 4481 790 4540 tamenin
823 4486 1045 4542 textum
1076 4493 1200 4541 non
1244 4487 1606 4557 receperunt.
1674 4475 1905 4540 Vellem
1950 4480 2130 4539 etiam
2172 4478 2264 4537 his
2310 4476 2455 4538 locis
2500 4475 2988 4553 interpolationes

357 4601 569 4646 manus
632 4583 931 4646 monnone
990 4585 1406 4646 exclusissentz
1467 4585 1552 4645 54
1597 4582 1671 4644 A.
1727 4572 1889 4644 ἀλλὰ
1950 4573 2028 4662 δὴ
2085 4582 2208 4643 τῶν
2263 4576 2498 4642 παίδων
2542 4574 2724 4641 ἕνεκα
2768 4564 2972 4657 βούλει

360 4685 500 4769 ζῆν,
556 4681 658 4751 ἵνα
717 4676 942 4758 anime:
1004 4682 1309 4773 ἐκθρέψῃς
1378 4682 1482 4751 καὶ
1539 4673 1903 4772 καιδεόσῃςς
1962 4681 2022 4748 τί
2062 4680 2166 4764 ὂές
2228 4680 2312 4756 εἰς
2355 4677 2690 4748 Θετταλίαν
2738 4671 2959 4756 advos<

413 4806 628 4853 Schanz
683 4807 836 4854 Novae
860 4805 1264 4854 commentationes
1290 4804 1569 4854 Platonicae.
2474 4787 2537 4846 11
2597 4807 2602 4810 ’
