3509 5375
44 4614 181 4731 52²*

104 4670 129 4683 ,Ὗ

138 4686 159 4693 .-

140 4704 149 4711 ⁴

72 4716 127 4729 1²⁸⁷

46 4738 81 4745 ,7

44 4752 63 4765 ,ι
92 4756 111 4767 3
186 4764 191 4767 Δ
258 4752 261 4755 ,

44 4774 81 4795 μὲ
140 4776 145 4781 -

44 4806 67 4821 ⁸⁸-

558 440 640 502 88

554 597 797 692 &atior
824 615 915 671 eet
957 621 1140 689 quam
1185 597 1498 673 collocatio
1541 609 1751 680 καλῶς
1795 604 1911 693 (τε)
1955 601 2059 673 καὶ
2101 628 2198 675 eu.-
2259 609 2334 671 cf.
2390 610 2723 674 locutiones
2779 612 3148 691 germanicas

557 718 669 782 Ort
715 715 834 777 und
877 715 1092 794 Stelle,
1150 715 1296 776 Leib
1342 715 1463 777 und
1505 716 1743 795 Leben,
1804 716 1926 778 lieb
1972 716 2092 776 und
2137 715 2374 796 theuer,
2436 715 2643 778 Grund
2688 717 2809 777 und
2852 715 3061 779 Boden
3082 714 3151 799 ¹).

554 821 783 883 Eodem
842 820 1021 882 modo
1079 820 1318 898 copulat
1375 821 1551 882 Plato
1610 809 1680 882 εὖ
1722 815 1831 884 καὶ
1876 808 2170 902 α’νδρείως
2212 837 2474 899 semper,
2534 824 2584 882 εἰ
2631 820 2852 899 GratyI.
2899 824 3029 882 440
3073 824 3154 884 D.

556 928 877 1005 exceperis,
924 931 985 987 et
1027 910 1103 985 εὖ
1149 916 1254 986 καὶ
1294 919 1593 1005 γενναίως.
1679 926 1813 987 Non
1859 924 2119 985 alienum
2163 924 2394 985 videtur
2438 924 2552 986 hoc
2591 926 2723 986 loco
2770 925 2891 985 alia
2949 943 2983 986 e
3011 926 3151 988 Pla-

558 1039 700 1093 tone
759 1028 1028 1109 exempla
1089 1029 1336 1090 duorum
1384 1030 1813 1092 adiectivorum
1858 1028 2264 1107 copulatorum
2310 1029 2616 1107 colligere:
2678 1029 2861 1108 Gorg.
2912 1032 3037 1091 493
3086 1033 3153 1094 C.

553 1131 775 1205 ἱκανῶς
815 1127 922 1196 καὶ
963 1121 1395 1215 ἐξαρκούντως.
1469 1135 1653 1211 Legg.
1683 1134 1765 1194 11.
1802 1135 1923 1194 659
1956 1133 2025 1195 Β.
2074 1126 2231 1213 μηδὲ
2263 1121 2694 1215 προσηκόντως
2734 1129 2892 1215 μηδὲ
2936 1123 3153 1215 ὄρθῶς

555 1236 658 1326 (cf.
705 1242 875 1304 Dem.
920 1238 994 1299 de
1023 1239 1064 1297 f.
1109 1238 1223 1313 leg.
1269 1242 1306 1311 ς
1351 1239 1474 1298 245
1523 1227 1731 1320 ὀρθῶς
1772 1232 1878 1299 καὶ
1915 1225 2397 1319 προσηκόντως.)
2485 1239 2736 1300 Phaedr.
2768 1239 2894 1299 258
2927 1240 3002 1300 D.
3052 1234 3151 1301 αἷ-

556 1345 767 1466 σχρῶς
826 1363 892 1405 τε
936 1335 1041 1405 καὶ
1081 1341 1310 1410 κακῶς.
1372 1345 1498 1402 272
1549 1344 1622 1402 Α.
1678 1341 1889 1411 καλῶς
1930 1359 1996 1402 τε
2038 1334 2146 1402 καὶ
2186 1336 2430 1411 τελέως.
2514 1343 2653 1420 Lys.
2701 1345 2825 1403 212
2878 1344 2951 1406 A.
2993 1336 3156 1423 ταχυ

555 1443 658 1511 καὶ
701 1433 949 1542 ρᾳδίως.
997 1447 1182 1523 Legg.
1227 1445 1333 1509 IV.
1385 1447 1509 1507 710
1555 1447 1651 1522 D.,
1699 1445 1931 1510 Politic.
1977 1463 2035 1524 p.
2083 1440 2209 1509 286
2259 1446 2335 1507 D.
2384 1429 2580 1538 ρᾷστά
2625 1463 2692 1507 τε
2736 1440 2843 1508 καὶ
2882 1427 3158 1527 τᾶχιστα.

557 1555 800 1614 Theaet.
853 1553 975 1612 175
1023 1552 1093 1614 Ε.
1154 1551 1353 1632 τορῶς
1411 1569 1478 1611 τε
1532 1544 1637 1615 καὶ
1696 1539 1909 1619 ὀξέως.
2031 1547 2215 1627 Legg.
2262 1541 2431 1611 VIII.
2480 1552 2606 1611 828
2652 1552 2729 1615 A.
2791 1537 2867 1611 ευ
2925 1571 2993 1613 τε
3052 1546 3159 1614 καὶ

559 1646 844 1738 α’κριβῶς.
919 1653 1165 1715 Phaedo
1214 1655 1293 1714 86
1343 1655 1407 1716 C.
1453 1653 1662 1724 καλῶς
1703 1648 1812 1717 καὶ
1856 1646 2136 1734 μετρίως.
2241 1654 2445 1733 Symp.
2498 1657 2620 1716 199
2666 1653 2741 1718 A.
2801 1655 3009 1726 καλῶς
3052 1651 3159 1719 καὶ

554 1759 1055 1843 μεγαλοπρεπῶς.
1162 1758 1404 1820 Phaedo
1451 1760 1555 1820 92-
1581 1759 1649 1822 E.
1710 1752 1937 1827 ἱκανῶς
1992 1774 2061 1819 τε
2116 1751 2220 1820 καὶ
2279 1747 2498 1839 ὀρθῶς.
2598 1760 2748 1839 Rep.
2792 1761 2872 1821 II.
2918 1764 3044 1822 362
3088 1761 3155 1823 O.

555 1860 778 1934 ἱκανῶς
820 1858 921 1926 καὶ
960 1860 1457 1948 μεγαλοπρεπῶς.
1550 1863 1710 1924 Prot.
1753 1882 1813 1941 p.
1864 1863 1987 1923 339
2036 1863 2110 1925 D.
2174 1860 2384 1931 καλῶς
2425 1881 2492 1923 τε
2536 1855 2641 1925 καὶ
2691 1852 2914 1945 ὀρθῶς.
2963 1866 3155 1928 Alcib.

556 1971 607 2033 I.
661 1970 785 2029 134
829 1969 901 2030 B.
965 1958 1177 2050 ὄρθῶς
1233 1962 1336 2029 καὶ
1391 1966 1617 2037 καλῶς.
1691 1965 1895 2046 Symp.
1949 1968 2068 2028 177
2118 1968 2186 2030 Ε.
2242 1961 2470 2037 ἱκανῶς
2511 1960 2612 2029 καὶ
2653 1968 2883 2038 καλῶς.
2972 1970 3155 2049 Hipp.

557 2076 696 2134 min.
744 2075 868 2134 366
914 2075 985 2137 Ε.
1044 2066 1330 2152 γενναίως
1387 2066 1495 2135 καὶ
1550 2072 2055 2155 μεγαλοπρεπῶς.
2158 2073 2316 2151 Βερ.
2350 2072 2400 2133 Ι.
2460 2075 2585 2135 336
2634 2075 2709 2137 D.
2771 2075 2996 2155 σαφῶς
3053 2069 3159 2137 καὶ

557 2167 840 2260 α’κριβῶς,
886 2178 961 2238 V.
1007 2178 1086 2238 47
1094 2179 1130 2238 3
1176 2177 1254 2237 D.
1311 2171 1571 2259 γνησίως
1622 2193 1689 2238 τε
1732 2171 1840 2239 καὶ
1881 2171 2123 2245 ἱκανῶς.
2214 2176 2417 2257 Symp.
2471 2181 2589 2238 182
2640 2180 2714 2241 A.
2770 2172 3045 2259 κοσμίως
3091 2198 3159 2260 γε

557 2277 663 2345 καὶ
704 2276 990 2363 νομίμως.
1078 2282 1238 2343 Men.
1288 2284 1367 2342 96
1416 2284 1504 2360 Ε.,
1540 2283 1632 2342 497
1684 2284 1759 2347 A.
1808 2270 2016 2363 ὀρθῶς
2057 2300 2125 2342 τε
2168 2276 2272 2343 καὶ
2315 2270 2408 2343 εὖ.
2497 2284 2682 2361 Legg.
2728 2283 2870 2344 VII.
2919 2286 3046 2344 788
3093 2286 3157 2345 C.

555 2375 850 2451 κάλλιστα
868 2379 998 2460 ’καὶ
1039 2377 1276 2467 ἄριστα.
1365 2387 1514 2464 Rep.
1564 2386 1671 2450 VI.
1717 2388 1844 2447 486
1892 2386 1962 2449 E.
2023 2380 2250 2457 ἱκανῶς
2291 2406 2357 2450 τε
2399 2380 2503 2449 καὶ
2543 2382 2790 2457 τελέως.
2893 2388 3158 2449 Verbum

559 2488 846 2574 φαίνηται
904 2497 1044 2552 aute
1098 2481 1224 2553 οἷον
1289 2489 1525 2555 Hirsch.
1584 2491 1778 2554 Badh.
1838 2490 2218 2553 incluserunt.
2322 2492 2442 2553 Sed
2510 2492 2678 2553 multi
2743 2493 2985 2554 obstant
3041 2493 3156 2555 loci

516 2649 523 2654 .
557 2596 719 2675 apud
759 2591 1090 2669 Platonem,
1158 2612 1407 2673 quorum
1452 2612 1633 2657 unum
1677 2596 1775 2657 hic
1820 2596 2092 2657 adscribo
2138 2597 2300 2657 Prot.
2345 2615 2405 2675 p.
2435 2598 2561 2658 ,325
2594 2597 2666 2661 B.
2693 2587 2789 2674 sto?
2834 2592 2941 2678 μὲν
2983 2591 3157 2672 ποίει,

554 2685 651 2764 'eei'
676 2693 873 2783 δὲμὴ
914 2694 1077 2763 ποίει
1133 2702 1206 2764 cf.
1255 2700 1542 2763 Krosehel
1582 2700 1756 2764 stud.
1802 2698 1956 2766 Plat.
2002 2700 2290 2764 Fleckeis.
2329 2698 2554 2764 Annal.
2599 2701 2736 2765 Vol.
2787 2704 2865 2763 87
2936 2698 3155 2784 (1863)

558 2826 617 2887 p.
648 2808 769 2868 837
816 2805 953 2867 Not.
980 2806 1081 2866 26.
1168 2803 1359 2865 Immo
1404 2822 1544 2866 vero
1589 2806 1686 2868 hie
1726 2813 1968 2884 propter
2009 2800 2479 2869 enuntiationem
2524 2807 2830 2873 relativam
2875 2802 3161 2888 φαίνηται

559 2912 661 2973 vix
705 2911 915 2973 deesse
955 2915 1172 2988 potest.

1742 3079 1790 3168 θ
1834 3083 1967 3153 21.

729 3220 934 3304 Symp.
996 3243 1055 3304 p.
1104 3227 1227 3286 207
1293 3225 1362 3288 C.
1420 3219 1474 3286 εἷ
1530 3219 1724 3286 τοίνυν
1781 3219 1905 3304 ἔφη
1962 3210 2258 3293 πιστεύεις
2315 3217 2550 3285 ἐκείνου
2609 3216 2763 3287 εἶναι
2814 3217 2996 3306 φύσει
3045 3218 3152 3289 τόν
3259 3208 3266 3213 ’

556 3327 762 3411 ἔρωτα
805 3319 885 3392 οὗ
924 3318 1218 3401 πολλάκις
1260 3315 1742 3412 ῶμολογήκαμεν
1761 3371 1780 3408 ,
1846 3319 1927 3411 μὴ
1972 3314 2268 3407 θαύμαζε.
2353 3322 2622 3390 ἐνταῦθα
2664 3320 2782 3409 γὰρ
2824 3320 2927 3390 τὸν
2974 3320 3156 3393 αότόν

559 3429 774 3525 ἐκείνῳ
819 3424 997 3513 λόγον
1041 3419 1083 3516 ἦ
1127 3425 1319 3517 θνητὴ
1366 3421 1541 3516 φύσις
1583 3432 1747 3516 ζητεῖ
1788 3424 1948 3496 κατὰ
1991 3424 2061 3493 τό
2108 3420 2357 3494 δυνατόν
2403 3420 2504 3493 οἷεί
2546 3450 2614 3494 τε
2658 3426 2810 3495 εἶναι
2848 3428 2954 3495 καὶ
2981 3422 3155 3497 οἷθοὶ-

555 3557 751 3609 νατος.
844 3540 1041 3603 Clark.
1087 3531 1207 3602 αἰεὶ
1248 3530 1317 3600 τό
1363 3530 1516 3601 εἶναι
1561 3525 1879 3608 ἀθάνατος.
1956 3536 2153 3615 Quare
2181 3537 2362 3599 velim
2391 3537 2691 3627 scribatur·
2721 3527 2793 3598 τὰ
2838 3531 2956 3599 αἰεὶ
3000 3529 3152 3601 εἶναι

555 3632 936 3728 [ἀθάνατος]

729 3765 982 3827 Phaedr.
1026 3783 1085 3843 p.
1131 3767 1255 3825 232
1304 3766 1373 3829 Ε.
1436 3758 1542 3827 καὶ
1601 3758 1707 3845 μὲν
1769 3753 1847 3845 δὴ
1905 3763 2024 3825 τῶν
2088 3758 2196 3843 μὲν
2257 3745 2536 3843 ἐριύντων
2595 3758 2814 3826 πολλοὶ
2858 3751 3153 3848 πρότερον

557 3867 671 3929 τοῦ
714 3856 994 3949 σωματος
1047 3855 1431 3950 ἐπεθύμησαν
1487 3857 1530 3950 ἢ
1591 3860 1694 3929 τὸν
1745 3853 1972 3947 τρόπον
2032 3863 2300 3949 ἔγνωσαν
2345 3862 2449 3930 καὶ
2489 3868 2610 3930 τῶν
2659 3858 2866 3931 ἄλλων
2914 3863 3151 3932 οἰκείων

556 3970 825 4055 ἔμπειροι
868 3965 1138 4052 ἐγένοντο
1171 3963 1334 4034 ὥστε
1373 3963 1604 4055 ἄδηλον
1652 3960 1909 4055 [αότοῖς]
1955 3966 2008 4035 εἷ
2047 3968 2135 4036 ἔτι
2175 3960 2314 4036 τότε
2339 3964 2740 4054 βουλήσονται
2767 3968 2937 4055 φίλοι
2979 3968 3148 4056 εἶναι,

560 4069 801 4140 ἐπειδᾶν
859 4077 968 4159 τῆς
1026 4071 1342 4158 ἐπιθυμίας
1398 4063 1766 4140 παύσωνται.
1872 4077 2246 4139 Vocabulum
2298 4065 2438 4139 τότε
2483 4079 2647 4140 deest
2691 4081 2752 4139 in
2797 4080 3147 4159 Glarkiau03

558 4181 782 4244 delebis
823 4184 1004 4260 igitur
1047 4183 1108 4244 id
1152 4198 1289 4243 cum
1332 4184 1413 4245 eit
1453 4185 1694 4246 minime
1736 4178 2137 4246 neceesarium
2182 4198 2362 4263 quam
2407 4183 2726 4250 celerrime.

697 4512 746 4582 ¹)
783 4510 874 4568 Sic
906 4511 1133 4566 dicimus
1176 4511 1355 4566 hiatus
1401 4510 1606 4565 vitandi
1652 4526 1818 4567 eausa
1852 4512 2079 4567 Schillet
2111 4512 2222 4566 und
2255 4511 2432 4568 fleam
2475 4512 2546 4568 of.
2582 4511 2837 4568 Betthold
2869 4510 3153 4569 Auerbaeh

569 4600 694 4657 Gen.
727 4601 988 4657 Schriften
1025 4600 1145 4655 Vol.
1180 4599 1248 4657 19
1282 4616 1337 4669 p.
1376 4600 1476 4655 176
1509 4600 1631 4654 Not.
1668 4601 1717 4655 1.
