3509 5375
2911 468 2992 540 35

400 669 492 720 ως
534 631 733 713 ἔοικεν
778 622 978 732 ἕτοιμ
1024 669 1098 712 αν
1145 644 1259 734 ειη,
1303 670 1381 713 τα
1427 641 1489 715 δ’
1496 628 1616 733 ἐμα
1664 622 1993 732 βούλεσθαι
2036 648 2142 735 μὲν
2187 642 2423 733 ἕτοιμα,
2470 641 2764 716 δύνασθαι
2806 649 2875 715 δὲ
2919 670 2994 713 ου

370 736 552 816 πάνυ
594 740 794 848 ρᾷδια.
883 754 1158 834 Inprimis
1203 765 1398 817 autem
1455 748 1574 838 εἰμὶ
1616 760 1926 822 omittitur.
2015 756 2273 834 Euthyd.
2322 758 2445 817 285
2496 760 2560 821 C.
2620 756 2992 838 παρακινδυ-

390 850 586 921 νευειν
661 853 896 941 ἕτοιμος
967 852 1074 921 καὶ
1139 854 1528 945 παραδίδωμι
1592 852 1855 942 ἐμαυτὸν
1915 847 2380 948 Διονυσοδωρῳ.
2492 861 2677 923 Lach.
2745 864 2868 922 180
2924 863 2994 921 Β.

389 957 619 1024 ἐπαινῶ
676 948 845 1044 υμῶν
888 955 995 1046 τὴν
1041 953 1300 1026 διάνοιαν
1346 959 1451 1043 καὶ
1490 968 1793 1026 κοινωνεῖν
1841 960 2088 1047 ἕτοιμος.
2193 962 2501 1028 Demosth.
2552 969 2610 1028 9.
2660 970 2718 1029 4.
2781 959 2832 1026 εἰ
2878 955 2940 1026 δ’
2952 985 2992 1027 α

390 1061 688 1148 συμφέρει
742 1062 935 1149 χωρὶς
1005 1064 1331 1138 κολακείας
1389 1055 1703 1151 ἐθελήσεις
1763 1062 2037 1149 ᾆκοόειν,
2115 1066 2350 1151 ἕτοιμος
2420 1065 2628 1150 λέγειν.
2744 1072 2997 1147 Propter

389 1172 716 1232 membrum
746 1173 1068 1234 secundum
1114 1173 1203 1235 his
1249 1174 1395 1235 locis
1441 1191 1561 1235 uon
1606 1183 1697 1235 est
1738 1176 2070 1235 necessaria
2111 1160 2408 1253 personae
2451 1183 2627 1252 nota,
2673 1192 2852 1252 quam
2898 1188 2997 1234 ex-

393 1293 656 1354 pressam
693 1276 910 1339 habes:
956 1276 1136 1339 Lach.
1174 1279 1298 1337 194
1330 1278 1402 1341 A.
1448 1269 1571 1358 ἐγώ
1615 1273 1724 1360 μὲν
1770 1273 2006 1360 ἕτοιμος
2044 1271 2126 1360 μὴ
2171 1274 2685 1360 προαφίστασθαι.
2773 1278 2995 1355 Gratyl.

398 1381 522 1440 384
566 1378 642 1443 D.
701 1374 935 1461 ἕτοιμος
993 1376 1188 1461 ἔγωγε
1245 1374 1351 1442 καὶ
1408 1370 1726 1462 μανθάνειν
1792 1377 1894 1444 καὶ
1967 1369 2223 1443 ἆκοόειν.
2327 1383 2498 1444 Haec
2557 1382 2827 1459 exempla
2885 1398 2995 1442 nos

393 1493 664 1563 movent,
726 1493 792 1545 ut
834 1485 1124 1546 medelam
1170 1485 1554 1547 adhibeamus
1598 1486 1755 1565 Lys.
1790 1490 1844 1547 7.
1894 1488 1996 1549 34.
2056 1478 2369 1568 μάρτυράς
2411 1480 2571 1564 ἔχων
2617 1474 2786 1575 ati-rui
2828 1502 2991 1567 προ-

391 1587 652 1669 σῆλθον,
717 1583 909 1667 λέγων
952 1577 1048 1649 ὅτι
1090 1606 1190 1670 μοι
1230 1575 1447 1658 πάντες
1490 1582 1629 1651 εἰσὶν
1675 1585 1733 1651 οἱ
1776 1577 2179 1672 θεράποντες,
2249 1580 2359 1660 οιῖς
2403 1585 2735 1673 ἐκεκτήμην
2781 1580 2991 1669 ἐπειδὴ

388 1685 737 1771 παρέλαβον
797 1683 866 1753 τό
922 1687 1188 1772 χωρίον,
1256 1688 1358 1755 καὶ
1419 1681 1657 1775 ἕτοιμός
1715 1686 1866 1774 εἰμι,
1930 1689 1996 1756 εἴ
2049 1714 2177 1756 τινα
2220 1685 2497 1773 βούλοιτο
2516 1732 2560 1775 ‚-
2614 1692 2995 1773 παραδοῦναι

384 1791 766 1876 βασανίζειν,
824 1781 1159 1879 ἡγούμενος
1220 1786 1415 1867 οιῖτως
1475 1787 1549 1860 ἄν
1605 1791 1704 1859 τὸν
1750 1795 2018 1879 ἔλεγχον
2079 1787 2466 1881 ἰσχυρότερον
2531 1792 2815 1880 γενέσθαι
2872 1798 2994 1860 ταῖν

388 1888 608 1963 τούτου
639 1888 836 1980 λόγων
878 1896 984 1964 καὶ
1026 1903 1148 1964 τῶν
1192 1897 1385 1984 ἔργων
1421 1904 1541 1966 τῶν
1568 1899 1766 1985 ἐμῶν.
1858 1903 2005 1965 Cod.
2050 1899 2283 1986 ἕτοιμος
2326 1893 2486 1987 ἤμην
2534 1948 2550 1964 .
2598 1896 2713 1983 εἰμι
2754 1903 2992 1981 Kayse-

389 2025 492 2069 rus
535 1988 598 2068 et
638 2007 887 2069 Scheibe
928 2018 1378 2086 proposuerunt.
1468 2006 1886 2070 Westermann
1957 2004 2196 2091 ἕτοιμος
2254 1996 2303 2088 ἦ
2344 1997 2484 2090 μήν.
2545 2010 2859 2070 Dobraeus
2907 2003 2989 2068 ἔτ.

390 2098 557 2192 εἴῄν.
627 2111 814 2176 Hertl.
842 2105 945 2173 ἔτ.
989 2099 1085 2193 ἦν.
1172 2111 1393 2174 8εᾱ,ιιί
1439 2113 1647 2192 fallor,
1708 2113 2061 2191 legendum:
2128 2107 2232 2174 καὶ
2276 2108 2544 2195 ἕτοιμος,
2589 2107 2654 2174 εἴ
2686 2128 2814 2193 τινα
2845 2132 2906 2177 κ.
2934 2132 2987 2175 τ.

389 2215 448 2277 λ.
495 2216 675 2277 verbo
729 2217 1101 2278 substantivo
1163 2219 1400 2280 omisso.
1504 2217 1656 2279 Nam
1720 2218 1794 2278 de
1852 2218 2107 2296 persona
2162 2226 2401 2297 propter
2456 2217 2806 2300 προσῆλθον
2872 2236 2995 2278 non

389 2324 581 2382 maior
611 2321 899 2383 dubitatio
929 2324 1139 2383 exoriri
1183 2328 1380 2400 potest
1420 2340 1598 2400 quam
1644 2320 1776 2384 loeo
1806 2323 2225 2385 Demosthenis
2271 2332 2449 2401 atque
2490 2326 2734 2384 omissio
2763 2326 2987 2400 nequa-

390 2443 572 2504 quam
633 2424 827 2487 durior
885 2435 993 2488 est.
1064 2460 1141 2471 —
1212 2410 1329 2488 Sed
1394 2419 1515 2508 εἰμὶ
1574 2430 1752 2488 etiam
1798 2446 1976 2506 posse
2018 2432 2158 2508 poni
2215 2429 2307 2489 bis
2351 2429 2634 2507 exemplis
2682 2427 2989 2490 docemur:

387 2528 613 2608 Tbeag.
664 2532 784 2590 127
831 2530 899 2594 Ε.
949 2521 1070 2610 ἐγώ
1115 2519 1230 2611 γάρ
1278 2548 1373 2592 σοι
1415 2524 1650 2613 ἕτοιμός
1692 2525 1812 2613 εἰμι
1856 2517 1943 2602 ai<
1988 2523 2086 2594 διὰ
2132 2527 2413 2614 βραχέων
2460 2527 2661 2595 εἰπεῖν.
2750 2534 2898 2613 Rep.
2942 2535 2989 2594 Ι.

389 2637 515 2697 336
567 2637 639 2699 A.
683 2624 870 2716 ἔγωγ’
916 2621 1021 2696 οὖν
1068 2621 1303 2716 ἕτοιμός
1347 2627 1464 2718 εἰμι
1511 2639 1811 2699 κοινωνεῖν
1870 2637 1981 2718 τῆς
2038 2622 2262 2719 μάχης.
2354 2636 2508 2702 Tim.
2558 2641 2638 2698 26
2688 2638 2752 2700 C.
2800 2632 2991 2719 λέγειν

385 2732 505 2823 εἰμὶ
549 2734 797 2821 ἕτοιμος.
885 2741 1049 2801 Prot.
1096 2741 1220 2803 348
1250 2743 1323 2803 A.
1367 2725 1607 2822 ἕτοιμός
1650 2735 1770 2822 εἰμί
1815 2759 1908 2804 σοι
1950 2738 2234 2823 παρέχειν
2283 2730 2764 2823 ἀποκρινόμενος.
2811 2743 2993 2821 Gorg.

387 2840 518 2906 510
560 2846 634 2907 Β.
693 2829 843 2938 ὅρᾷς
902 2829 993 2914 οἷς
1051 2835 1173 2925 ἐγώ
1234 2832 1485 2930 ἕτοιμόςἢ
1512 2837 1629 2926 εἶμι
1671 2840 1945 2910 ἐπαινεῖν.
2039 2848 2295 2907 Cobetus
2355 2839 2474 2927 εἰμὶ
2517 2865 2649 2907 cum
2696 2848 2991 2909 adiectivo

389 2943 623 3031 ἕτοιμος
666 2953 1045 3013 coniunctum
1090 2949 1401 3012 delendum
1450 2957 1665 3011 censet.
1712 2952 1785 3012 of.
1817 2951 1962 3012 Var.
1993 2950 2158 3013 Leet.
2193 2952 2337 3014 293.
2402 2952 2605 3012 Miror.
2649 2969 2796 3011 nam·
2831 2952 2989 3029 apud

394 3057 598 3131 poetas
642 3062 892 3115 metrum
937 3044 1054 3134 εἰμὶ
1095 3061 1290 3114 tuetur
1333 3053 1404 3113 cf.
1452 3053 1588 3114 Eur.
1629 3054 1776 3115 Hec.
1821 3057 1942 3118 985
2007 3039 2095 3124 οἷς
2137 3043 2375 3136 ἕτοιμός
2416 3044 2529 3136 εἰμ’
2573 3044 2716 3136 ἐγώ.
2808 3056 2985 3118 Arist.

398 3155 546 3221 Rau.
595 3160 742 3222 860.
791 3144 1027 3239 ἕτοιμός
1071 3145 1184 3239 εἶμ’
1223 3151 1419 3239 ἔγωγε
1461 3145 1616 3219 notin
1663 3146 2026 3240 ἀναδόομαι.

534 3264 836 3325 Aliarum
877 3281 1262 3341 personarum
1308 3265 1642 3325 omissionis
1687 3263 1839 3325 haec
1881 3264 2193 3342 suppedito
2238 3265 2343 3324 tibi
2391 3266 2692 3343 exempla:
2737 3265 2974 3328 Politia.

386 3370 508 3429 2⁷7
561 3369 631 3429 Ε.
675 3360 914 3430 λεκτέον
961 3355 1166 3448 ἐπειδὴ
1211 3359 1317 3428 καὶ
1359 3359 1432 3427 συ
1471 3361 1716 3448 ’ἕτοιμος
1763 3356 2141 3430 ἀκολουθεῖν.
2230 3370 2388 3429 Crito
2436 3371 2516 3430 45
2562 3370 2634 3429 B.
2682 3364 2836 3438 ξένοι
2878 3358 2984 3430 οὗ·

383 3491 478 3534 τοι
535 3462 758 3534 ἐνθάδε
817 3467 1038 3553 ἕτοιμοι
1098 3459 1457 3533 ἀναλίσκειν.
1544 3472 1800 3535 Phaedr.
1847 3474 1971 3533 252
2022 3474 2096 3536 Α.
2162 3462 2400 3534 πάντων
2461 3459 2985 3553 καταφρονήσασα

383 3567 695 3646 ,δουλεύειν
729 3570 948 3657 ἑτοίμη,
977 3570 1076 3639 καὶ
1103 3573 1431 3657 κοιμᾶσθαι
1457 3565 1612 3638 ὅπου
1646 3567 1720 3660 ἂν
1753 3570 1828 3669 ἐᾷ
1853 3594 1940 3646 τις
1969 3564 2275 3658 ἐγγυτάτω
2310 3577 2421 3637 τοῦ
2447 3566 2665 3638 πόθου.
2725 3578 2987 3655 Verbum

385 3681 611 3743 habeut
645 3682 992 3742 „adiunctum
1035 3680 1097 3741 hi
1140 3680 1291 3741 loci:
1335 3680 1500 3754 Prot.
1550 3681 1674 3742 313
1708 3681 1779 3745 Β.
1826 3675 2062 3762 ἕτοιμος
2102 3673 2162 3741 εἷ
2190 3669 2546 3768 ἀναλίσκειν.
2613 3681 2817 3759 Symp.
2851 3684 2971 3740 211

387 3787 462 3849 D.
526 3773 634 3855 οὓς
676 3784 776 3847 νῦν
823 3770 987 3866 ὅραῖν
1033 3777 1401 3865 ἐκπέπληξαι
1442 3778 1547 3846 καὶ
1589 3778 1835 3866 ἕτοιμος
1873 3776 1931 3846 εἷ
1971 3781 2074 3846 καὶ
2118 3776 2191 3845 σὰ
2237 3779 2341 3860 καὶ
2385 3780 2442 3845 οῖ
2490 3775 2685 3860 ἄλλοι.
2773 3785 2977 3863 Symp.

386 3892 511 3952 208
561 3890 626 3954 G.
665 3876 817 3971 ὗπὲρ
859 3877 1087 3950 τούτων
1131 3875 1441 3959 κινδύνους
1482 3906 1549 3949 τε
1592 3875 1944 3951 κινδυνεύειν
1987 3883 2221 3970 ἕτοιμοί
2262 3881 2374 3950 εἰσι
2415 3875 2643 3957 πάντας
2684 3883 2773 3950 ἔτι
2817 3889 2984 3969 μᾶλ-

387 3993 489 4058 λον
532 3981 581 4076 ἢ
622 3988 771 4077 ὑπὲρ
816 3995 943 4056 τῶν
984 3987 1241 4058 παίδων.
1330 3994 1473 4055 ibid.
1520 3978 1642 4053 2‘07
1668 3995 1738 4057 Β.
1786 3979 1997 4074 ἕτοιμοί
2040 3987 2193 4054 ἐστιν
2238 3986 2388 4073 ὑπὲρ·
2432 3988 2657 4054 τούτων
2702 3986 2807 4054 καὶ
2851 3991 2984 4054 δια-

388 4092 695 4183 μάχεσθαι
735 4092 812 4162 τά
859 4088 1273 4162 ἀσθενέστατα
1313 4100 1439 4169 τοῖς
1480 4087 1897 4181 ἷσχυροτάτοις
1927 4092 2042 4158 καὶ
2071 4086 2648 4180 ὑπεραποθνήσκειν.
2695 4093 2770 4159 a'd
2801 4115 2977 4175 quem
3016 4107 3022 4111 ’

387 4205 582 4269 locum
630 4209 706 4271 cs.
752 4205 1006 4283 Vogelin
1053 4191 1112 4266 in
1157 4211 1304 4267 extr.
1351 4204 1468 4264 vol.
1515 4202 1672 4265 Mus.
1718 4203 1893 4277 Helv.
1938 4219 1999 4281 p.
2048 4204 2193 4265 318.

1657 4391 1794 4462 12.

559 4516 755 4582 Etiam
799 4516 912 4579 loci
957 4516 1185 4579 habent
1227 4536 1337 4578 sua
1381 4519 1539 4595 fata3
1570 4384 1758 4594 ⁶quod
1818 4531 1993 4594 quam
2042 4531 2244 4577 verum
2290 4518 2401 4595 sit,
2462 4513 2831 4576 demonstrat
2886 4506 2984 4573 hic

384 4621 586 4688 locus:
648 4615 902 4704 Euthyd.
946 4625 1071 4683 289
1117 4624 1188 4686 Β.
1249 4606 1532 4704 τοιοῖυτης
1587 4611 1742 4690 τινὸς
1801 4610 1926 4701 ἄρα
1978 4604 2120 4701 ἦμῖν
2180 4606 2506 4702 ἐπιστήμης
2567 4616 2658 4745 θεῖ
2717 4605 2773 4676 ὦ
2828 4612 2983 4680 καλὲ
