3509 5375
469 501 660 561 ‘20

574 658 930 756 θεούς.ἔφη
978 720 993 738 .
1043 664 1119 735 ου’
1160 665 1276 757 γοὶρ
1322 662 1587 756 δύναμαί
1640 693 1742 752 σε,
1802 677 1877 737 de
1937 695 2055 756 quo
2115 696 2225 739 usu
2281 677 2457 740 velim
2519 683 2789 743 conferas
2845 682 3032 763 Legg.
3074 679 3185 761 m,

579 780 701 839 715
750 779 827 839 D.
870 772 965 841 ναὶ
1008 769 1096 861 μοὶ
1138 765 1318 841 Δίάἷ
1359 774 1489 849 Εένε
1520 794 1539 813 ·
1575 770 1718 843 καθ’
1753 766 1990 861 ἡλικίαν
2030 773 2147 865 γάρ
2188 771 2293 852 ὄξύ
2335 778 2587 862 βλέπεις.
2644 786 2784 865 Lye.
2818 785 2945 850 206
2978 785 3071 853 Β.’-
3099 776 3203 850 ού·

578 872 665 964 μοὶ
710 873 814 944 τόν
858 877 973 945 Δία
1015 928 1035 960 ,
1079 874 1280 965 πολλὴ
1322 875 1440 967 γὰρ
1488 873 1562 946 ἄν
1610 875 1830 967 ἅλογία
1875 881 1991 971 εἴη.
2079 889 2228 966 Rep.
2273 888 2358 952 11.
2401 908 2462 967 p.
2507 891 2635 951 374
2681 892 2753 953 Ε.
2797 883 2884 973 μοὶ
2928 886 3046 955 Δία
3088 879 3172 974 ἦέ

569 976 755 1068 δ’ἐγιύ
810 976 923 1050 ούκ
982 978 1105 1070 ἄρα
1163 988 1399 1070 φαῦλον
1442 989 1693 1073 πρᾶγμα
1736 978 2044 1073 ἠράμεθα.
2103 994 2245 1054 ibid.
2292 996 2417 1055 376
2465 995 2538 1055 D.
2582 986 2669 1077 μοὶ
2713 989 2830 1060 Δία
2873 983 2953 1078 ἦν
2992 984 3182 1078 δ’ἐγιύ

571 1080 687 1152 ούκ
734 1081 858 1174 ἄρα
906 1082 1161 1174 ἀφετέον
1209 1102 1267 1155 et
1297 1094 1478 1171 Gorg.
1524 1114 1583 1173 p.
1635 1098 1754 1156 481
1794 1098 1856 1159 C.
1901 1087 1977 1178 νὴ
2019 1086 2166 1167 τούς
2205 1084 2395 1167 θεούς
2440 1086 2576 1161 ἀλλ’
2618 1093 2893 1182 ἐπιθυμῶ
2939 1104 3040 1180 qui
3086 1102 3180 1163 lo-

573 1215 675 1258 cus
721 1198 901 1259 habet
945 1199 1311 1261 consimilem
1357 1202 1417 1258 in
1463 1200 1670 1261 eodem
1719 1201 1959 1279 dialogo
2004 1221 2063 1280 p.
2099 1204 2221 1264 463
2253 1202 2330 1267 D.
2377 1191 2463 1284 μᾶ
2506 1192 2610 1270 τᾶν
2654 1199 2764 1267 Δία
2808 1190 2873 1266 <J
2914 1193 3177 1288 Σιύκραι-

575 1318 674 1371 τες
719 1292 850 1365 ἀλλ’
895 1294 1018 1382 ἐγώ
1066 1292 1213 1365 ου’δὲ
1260 1292 1445 1373 advo<
1488 1299 1727 1386 συνίημι
1771 1295 1862 1366 ὅτι
1904 1299 2115 1386 λέγεις.

739 1442 852 1505 Jus
896 1443 1207 1503 iurandum
1252 1445 1562 1504 mulierum
1609 1444 1907 1505 affirmans
1966 1435 2038 1527 νὴ
2081 1434 2192 1527 τήν
2222 1435 2421 1527 Ἥραν
2475 1457 2609 1508 eum
2653 1456 2713 1509 et
2756 1437 2916 1526 apud
2959 1447 3169 1512 Xeno-

567 1547 868 1626 phontem·
898 1556 957 1609 et
1000 1548 1155 1626 apud
1199 1547 1512 1609 Platonem
1558 1548 1789 1610 Socrati
1833 1551 2216 1631 attribuatur,
2274 1551 2415 1612 inde
2473 1553 2532 1614 id
2589 1571 2721 1614 eum
2767 1555 3174 1632 frequentasse

567 1656 626 1712 in
673 1653 766 1714 his
812 1653 1181 1714 sermonibus
1229 1652 1693 1713 concludendum
1741 1662 1847 1714 est.
1939 1656 2011 1716 cs.
2056 1656 2452 1718 Breitenbach
2497 1655 2572 1716 ad
2616 1655 2775 1717 Xen.
2823 1658 3047 1719 Corum.
3098 1661 3158 1718 1.

571 1758 629 1820 5.
679 1758 739 1820 5.
831 1758 1023 1817 Huius
1089 1775 1227 1818 usus
1283 1758 1432 1818 haec
1494 1776 1526 1817 e
1581 1758 1832 1818 Platone
1890 1759 2158 1837 exempla
2217 1739 2453 1820 enotavi
2497 1779 2515 1821 ε
2562 1760 2742 1838 Gorg.
2792 1763 2917 1822 449
2964 1752 3161 1843 1).νή

568 1849 675 1940 την
706 1850 1018 1941 Ἥρανω
966 1847 1297 1943 ωΓοργία
1360 1851 1596 1943 αγαμαί
1647 1879 1715 1942 γε
1774 1851 1885 1932 τοὶς
1931 1851 2274 1944 ἀποκρίσεις
2316 1851 2411 1926 ὅτι
2455 1852 2760 1946 ἀποκρίνει
2799 1884 2887 1934 ως
2930 1850 3058 1928 οἷόν
3100 1884 3170 1928 τε

570 1955 670 2024 διὰ
728 1955 1182 2045 βραχυτάτων.
1228 1967 1480 2030 Phaedr.
1546 1968 1671 2026 230
1718 1957 1920 2048 Β.νή
1979 1958 2084 2050 τὴν
2113 1957 2346 2048 Ἥραν,
2414 1956 2579 2049 καλή
2621 1987 2691 2051 γε
2732 1952 2784 2056 ἢ
2818 1957 3167 2052 καταγωγή.

568 2069 744 2147 Apol.
792 2074 877 2130 24
920 2073 989 2135 Ε.
1048 2057 1142 2132 Ευ
1185 2085 1253 2152 γε
1298 2060 1371 2156 νη
1414 2088 1520 2152 την
1550 2060 1751 2151 Ἥραν
1797 2064 2006 2150 λέγεις.
2096 2071 2517 2134 Theaet.154
2556 2071 2632 2136 D.
2689 2059 2788 2136 Ευ
2828 2092 2896 2153 γε
2936 2063 3014 2157 νη
3059 2063 3168 2155 την

548 2162 748 2255 Ἥραν
797 2193 847 2233 ω
901 2169 1043 2255 φίλε
1087 2169 1193 2237 καὶ
1234 2170 1442 2245 θείως.
1521 2175 1702 2237 Lach.
1740 2177 1858 2236 181
1897 2175 1970 2238 A.
2014 2161 2111 2239 Ευ
2152 2194 2220 2257 γε
2261 2164 2334 2258 νὴ
2378 2165 2486 2258 τὴν
2517 2163 2714 2259 Ἥραν
2748 2195 2799 2237 ω
2847 2163 3172 2261 Σιύκρατες

565 2296 658 2338 οτι
702 2266 913 2359 ὅρθοῖς
954 2269 1057 2341 τόν
1101 2273 1355 2361 πατέρα.

741 2420 921 2480 Aliud
965 2422 1058 2481 ius
1102 2420 1413 2480 iurandum
1460 2437 1577 2498 quo
1621 2391 1896 2482 Socrates
1941 2439 2082 2482 usus
2127 2438 2259 2481 esse
2299 2419 2565 2500 videtur,
2611 2428 2703 2481 eet
2743 2410 2817 2503 νὴ
2861 2410 2966 2482 τᾶν
3008 2412 3154 2484 κύνα

566 2524 640 2585 de
684 2541 800 2602 quo
847 2526 921 2590 cf.
966 2525 1080 2586 hoc
1124 2524 1390 2586 scholion
1455 2524 1532 2585 ad
1577 2523 1751 2602 Apol.
1801 2528 1880 2585 21
1928 2526 1994 2586 Ε.
2054 2514 2128 2607 νὴ
2171 2514 2274 2588 τὸν
2318 2514 2496 2610 κύνα]
2536 2512 3021 2607 Ῥαδαμάνθυος
3054 2515 3162 2607 ὅρ-

563 2645 674 2699 κος
738 2646 923 2699 ουτος
982 2611 1017 2690 6
1077 2646 1234 2692 κατα
1294 2617 1475 2700 κυνός
1532 2617 1579 2711 ἢ
1634 2618 1820 2713 χηνὸς
1879 2616 1922 2713 ἢ
1975 2616 2284 2694 πλατάνου
2343 2648 2385 2714 η
2448 2629 2624 2713 κριοῦ
2673 2618 2721 2713 ἤ
2762 2646 2919 2702 τινος
2962 2619 3160 2695 ἄλλου

562 2719 859 2799 τοιούτου.

980 2830 1069 2907 οἷς
1110 2856 1189 2899 τν
1237 2833 1510 2920 μέγιστος
1554 2856 1744 2921 ορκος
1787 2857 2011 2902 απαντι
2049 2829 2219 2930 λόγῳ
2262 2829 2450 2917 κύων,

981 2937 1190 3004 ἔπειτα
1232 2930 1369 3025 χήν,
1412 2933 1598 3013 θεούς
1639 2933 1932 3024 δ’ἐσίγων,

564 3063 857 3148 Κρατῖνος
897 3058 1166 3145 Χείρωσι
1210 3107 1225 3125 .
1270 3082 1429 3129 κατα
1470 3052 1700 3129 τούτων
1744 3060 1815 3131 δὲ
1859 3052 2044 3147 νόμος
2086 3052 2360 3147 ὀμνύναι,
2415 3057 2518 3127 ἵνα
2560 3056 2644 3148 μὴ
2686 3055 2849 3131 κατὰ
2890 3065 3060 3131 θεαῖν
3103 3061 3164 3129 οἱ

571 3188 749 3252 ορκοι
790 3163 1162 3250 γίγνωνται.
1203 3170 1461 3233 τοιοῦτοι
1518 3165 1587 3231 δὲ
1644 3165 1747 3233 καὶ
1807 3164 1865 3232 οἱ
1906 3157 2272 3252 Σωκράτους
2331 3159 2484 3252 ὅροι.
2574 3170 2757 3248 Gorg.
2803 3173 2928 3235 469
2974 3171 3041 3233 0.
3085 3160 3165 3252 νη

563 3269 664 3338 τὸν
711 3263 926 3351 κύνα,
976 3265 1289 3361 α’μφιγνοω
1333 3270 1543 3356 μέντοι.
1638 3276 1873 3339 Cherm.
1925 3280 2045 3337 172
2092 3277 2163 3341 Ε.
2223 3265 2297 3357 νὴ
2342 3267 2445 3341 τὸν
2484 3262 2639 3338 κύνα
2680 3270 2834 3357 ἔφην
2876 3270 2997 3338 καὶ·
3026 3270 3167 3357 ἐμοί

567 3399 660 3442 τοι
702 3379 872 3441 δοκεῖ
915 3398 1100 3443 ουτω.
1190 3382 1410 3459 Cratyl.
1457 3384 1576 3447 ,411
1628 3382 1700 3441 Β
1759 3374 1897 3445 καὶ
1921 3372 2037 3462 μὴν
2090 3370 2167 3461 νὴ
2227 3370 2329 3443 τᾶν
2388 3367 2544 3441 κύνα
2604 3376 2785 3441 δοκοῖ
2826 3374 2896 3460 ,γέ
2956 3397 3058 3463 μοι
3092 3395 3175 3440 ου

569 3503 785 3554 κακως
827 3473 1245 3565 μαντεύεσθαι.
1335 3486 1558 3550 Phaed.
1608 3487 1687 3546 98
1737 3487 1806 3553 Ε,
1858 3479 1990 3549 ἐπεὶ
2031 3473 2104 3565 νὴ
2136 3475 2253 3550 τὸν
2292 3471 2446 3547 κύνα
2484 3472 2678 3549 πάλαι
2732 3475 2815 3559 ἂν,
2866 3500 3061 3549 ταυτα
3098 3501 3179 3546 τα

564 3577 752 3671 νευρά
794 3607 861 3651 τε
919 3583 1024 3651 καὶ
1079 3579 1322 3653 ὄστᾶ*
1275 3610 1313 3671 η
1360 3583 1502 3670 περὶ
1541 3584 1831 3671 Μέγαρα
1826 3609 1879 3673 η
1926 3580 2233 3659 Βοιωτούς
2266 3575 2367 3669 ἦν.
2470 3589 2645 3667 Rep.⁸
2664 3591 2726 3650 Β
2774 3590 2900 3655 399
2939 3591 3010 3657 E.
3055 3582 3179 3653 Καὶ

562 3685 637 3774 νὴ
694 3685 796 3756 τόν
854 3682 1008 3759 κύνα
1061 3679 1410 3775 λελήθαμέν
1465 3712 1553 3774 γε.
1639 3694 1895 3765 Phaedr.
1946 3694 2070 3761 228
2117 3694 2187 3761 Β.
2249 3685 2335 3761 εἰς
2385 3686 2709 3774 περίπατον
2756 3682 2909 3776 ,ᾔει
2902 3711 3006 3763 ως
3050 3688 3159 3776 μὲν

566 3789 689 3880 ἐγώ
753 3792 922 3881 οἶμαι
976 3791 1048 3880 νὴ
1105 3790 1207 3861 τὸν
1267 3785 1419 3860 κύνα
1475 3783 1932 3885 ἐξεπιστάμενος
1971 3790 2085 3865 τὸν.
2118 3787 2319 3876 λόγον.
2406 3798 2547 3876 Ly‘s.
2581 3800 2701 3859 211
2750 3799 2833 3861 E.
2862 3790 3057 3880 ,οἶμαι
3099 3792 3185 3863 δὲ.

564 3896 636 3984 νὴ
699 3893 800 3965 τὸν
859 3892 1013 3966 κύνα
1072 3903 1323 3984 μᾶλλον.
1411 3904 1660 3967 Accedit
1703 3903 1879 3981 Apol.
1927 3906 2008 3962 22
2058 3905 2130 3967 A.
2189 3895 2295 3964 καὶ
2351 3892 2425 3983 νὴ
2479 3892 2587 3965 τὸν
2650 3891 2804 3967 κύνα
2846 3888 2909 3967 ni
2953 3891 3181 3984 ἄνδρες

563 3997 820 4089 Ἀθηνσῖ
820 4025 878 4069 οι
921 4051 936 4068 .
984 4005 1075 4069 δεῖ
1117 3998 1236 4089 γοὶρ
1280 4000 1432 4089 πρὸς
1476 3992 1633 4089 ύμᾶς
1673 3997 1922 4089 τάληθῆ
1958 4001 2213 4087 λέγειν.
2256 3993 2306 4087 ἦ
2346 3998 2462 4088 μὴν
2508 3997 2631 4086 ἐγώ
2681 3993 2915 4073 ἔπαθόν
2944 4025 3012 4075 ’τι
3051 4023 3181 4068 τοι·-

576 4130 753 4174 ουτον
815 4114 917 4190 qui
975 4113 1140 4174 locus
1200 4113 1333 4173 ideo
1377 4114 1552 4175 valde
1612 4112 2011 4174 memorabilis
2071 4120 2194 4189 est,
2256 4109 2415 4188 quod
2468 4118 2709 4189 propter
2766 4115 3173 4190 interpositam

572 4221 928 4281 sententiam
972 4217 1284 4280 formulam
1328 4207 1404 4299 νὴ
1441 4208 1544 4280 τόν
1574 4204 1727 4279 κύνα
1774 4216 2024 4281 formula
2064 4203 2114 4298 ἦ
2157 4208 2269 4297 μὴν
2313 4217 2559 4293 excepit.
2602 4212 2709 4294 (cf.
2757 4215 2963 4283 Lehrs.
2997 4217 3168 4281 Vere.

569 4324 846 4387 Phaedri.
889 4341 949 4401 p.
1000 4319 1176 4404 142.)

738 4449 990 4509 Prorsus
1036 4445 1335 4524 singulare
1378 4448 1470 4506 ius
1516 4444 1826 4507 iurandum
1872 4445 2123 4523 legimus
2167 4428 2397 4507 Politic.
2449 4444 2572 4506 257
2606 4440 2677 4507 Β.
2731 4427 2807 4505 αὖ
2848 4460 2923 4525 γε
2964 4432 3040 4526 νη
3074 4437 3180 4507 ’τὸν

519 4545 526 4555 “
564 4542 857 4634 ἡμέτερον
916 4539 1059 4614 θεόν
1123 4539 1182 4611 ὦ
1223 4539 1546 4631 Σωκρατες
1604 4542 1707 4612 τόν
1732 4539 2040 4631 ’Ἄμμωνα
2080 4542 2215 4612 καὶ·
2230 4544 2525 4624 δικαίως,
2565 4542 2673 4611 καὶ
2710 4535 2871 4610 πάνυ
2915 4543 3025 4632 μὲν
3069 4537 3181 4611 ουν

567 4659 944 4741 μνημονικως
988 4652 1331 4740 ἐπέπληξας
1374 4673 1476 4739 μοι
1516 4648 1586 4721 τό
1629 4649 1774 4739 περὶ
1813 4645 1957 4727 τούς
1986 4646 2322 4739 λογισμούς
2365 4642 2714 4740 ἁμάρτημα.
