3509 5375
534 434 632 517 ,36

547 619 656 679 παῖ
699 606 771 698 ἧν
820 601 1016 695 δέγιύ,
1064 603 1124 676 ἐν
1170 636 1209 697 ῃ
1259 610 1688 697 συμπέπτωκεν
1737 633 1869 694 αμα
1912 594 1984 675 τύ
2028 634 2092 675 τε
2135 617 2323 676 ποιεῖν
2369 609 2569 678 καὶτὸ
2606 598 2965 705 ἐπιστασθᾳι
2979 612 3143 699 χρῆ-

549 722 694 783 σθαι
733 710 928 808 τούτῳ
976 739 1007 779 o
1059 738 1132 779 αν
1178 718 1337 802 ποιῇ.
1445 711 1729 779 Φαίνεται
1769 714 1912 799 ἔφη.
2001 716 2244 781 Πολλοῦ
2293 737 2421 798 αρα
2482 717 2572 780 δεῖ
2617 713 2703 790 05<
2745 700 2938 781 ἔοικεν
2984 704 3143 809 ἡμᾶς

549 815 912 906 λυροποιους
956 813 1185 891 δεινους
1228 814 1381 884 εἶναι
1422 816 1526 882 καὶ
1566 811 1844 903 τοιαύτης
1887 840 2046 890 τινος
2092 811 2419 936 ἐπιστήμης
2466 808 2848 905 ἐπηβόλους·
2882 817 3145 889 ἐνταῦθα

546 922 687 1049 γὰρ.
709 920 784 1009 δὴ
827 921 1014 1009 χωρὶς
1055 921 1162 1008 μὲν
1208 919 1249 1007 ἡ
1291 924 1545 987 ποιοῦσα
1584 920 1789 1007 τέχνη,
1835 921 2020 1009 χωρὶς
2065 920 2133 986 δὲ
2179 946 2216 1005 η
2249 921 2552 1009 χρωμένη,
2604 918 2880 1009 διῄρηται
2924 921 2993 986 δὲ
3038 925 3146 989 τοῦ

550 1016 740 1094 adm-ou
781 1026 933 1113 πέρι.
1008 1033 1076 1091 In
1127 1031 1214 1091 his
1264 1032 1461 1092 verbis
1507 1034 1729 1109 primus
1779 1031 1969 1092 haesit
2001 1031 2297 1092 Heusdius
2344 1035 2506 1092 cuius
2558 1031 2628 1092 de
2665 1032 2791 1133 hoc
2837 1032 2968 1092 loco
3015 1048 3143 1093 sen·

550 1142 734 1198 tentia
790 1137 937 1197 haec
997 1144 1119 1196 est·
1178 1130 1380 1218 (Spec.
1425 1138 1551 1195 crit.
1596 1155 1652 1214 p.
1705 1132 1843 1217 61):
1913 1133 2191 1213 „Dixerat
2237 1138 2294 1194 in
2342 1106 2820 1201 antecedentibus
2867 1130 3141 1217 Socrates

547 1241 657 1301 sibi
706 1249 763 1301 et
809 1241 1031 1300 Cliniae
1078 1244 1247 1299 istius
1280 1239 1439 1300 modi
1473 1258 1619 1315 opus
1667 1258 1795 1300 esse
1840 1241 2087 1298 scientia
2133 1242 2191 1299 in
2238 1256 2358 1317 qua
2404 1247 2462 1300 et
2497 1240 2704 1327 facere
2750 1247 2809 1299 et
2849 1241 3012 1325 facto
3057 1242 3144 1299 uti

549 1346 621 1405 de
680 1363 799 1404 una
860 1332 1184 1423 eademque
1244 1363 1307 1404 re
1367 1352 1732 1404 concurrant.
1846 1342 1993 1403 Inde
2054 1343 2208 1403 hanc
2262 1360 2416 1403 nunc
2462 1344 2902 1404 conclusionem
2947 1347 3142 1403 minus

548 1461 702 1511 recte
747 1450 952 1527 efficit,
999 1450 1245 1508 multum
1290 1448 1526 1524 abesse,
1598 1455 1658 1507 ut
1706 1449 1833 1524 ipse
1881 1455 1938 1507 et
1984 1446 2204 1507 Clinias
2249 1447 2407 1525 lyras
2454 1457 2509 1533 et
2555 1446 2746 1507 facere
2791 1455 2849 1507 et
2892 1454 3141 1507 tractare

547 1557 790 1633 possint.
879 1552 996 1614 Sed
1043 1554 1165 1612 noli
1213 1551 1477 1612 dubitare
1525 1554 1664 1629 quin
1711 1559 1866 1611 recte
1902 1555 2138 1611 omnino
2171 1551 2524 1613 concluserit
2556 1551 2856 1615 Socrates.
2949 1550 3146 1627 Scrip-

544 1663 618 1718 sit
664 1660 818 1718 enim
850 1656 1052 1716 Plato:
1099 1639 1261 1734 ἦμᾶς
1289 1643 1651 1735 λυροποιοιὶς
1681 1652 1801 1714 δεῖν
1836 1644 2062 1723 δεινούς
2095 1632 2268 1717 εἶναι..
2323 1656 2593 1716 Multum
2639 1658 2824 1733 iqitur
2856 1655 3033 1728 abest,
3080 1662 3146 1714 ut

546 1742 812 1838 eqreqios
840 1779 951 1820 nos
994 1778 1111 1819 esse
1143 1766 1416 1837 oporteat
1458 1759 1736 1835 lyrarum
1769 1758 1996 1839 opifices
2026 1760 2413 1833 scientiaeque
2458 1775 2576 1819 esse
2597 1758 2600 1763 '
2612 1760 2837 1835 peritos
2882 1777 3034 1834 quae
3077 1761 3145 1819 in

545 1867 693 1943 lyris
736 1863 1071 1924 tractandis
1115 1865 1392 1922 cernitur.
1481 1862 1645 1920 Nam
1678 1862 1792 1920 hac
1836 1863 1903 1919 in
1945 1881 2009 1921 re
2054 1869 2108 1920 et
2147 1862 2345 1941 facere
2390 1870 2443 1921 et
2483 1863 2649 1939 facto
2694 1864 2784 1921 uti
2824 1878 2955 1920 non
3000 1879 3139 1921 con·

544 1978 813 2046 currunt,
860 1969 962 2028 sed
1008 1968 1138 2026 alia
1183 1974 1266 2027 est
1311 1982 1465 2042 quae
1506 1967 1674 2043 facit,
1723 1982 1845 2044 ars,
1894 1967 2025 2027 alia
2069 1984 2222 2042 quae
2267 1970 2472 2027 utitur.

716 2071 1093 2132 Heindorfius
1177 2070 1332 2130 hanc
1385 2068 1485 2149 'de
1552 2069 1680 2130 loco
1747 2072 2098 2157 sententiam
2166 2070 2480 2157 protulita
2522 2062 2728 2149 „Quae
2794 2078 3139 2146 sequuntur,

541 2176 778 2241 πολλοῦ
818 2165 942 2256 ἄρα
987 2172 1112 2248 δεῖ,
1175 2158 1260 2243 ὥς
1303 2170 1525 2251 ἔοικεν,
1569 2157 1728 2253 ἡμᾶς
1773 2164 2134 2259 λυροποιοός
2180 2164 2408 2243 δεινούς
2470 2165 2651 2247 εἶναι,
2721 2174 2975 2233 multum
3024 2172 3135 2249 iqi-

545 2291 644 2343 tur
690 2281 852 2342 abest
895 2289 960 2340 ut
1003 2283 1190 2341 simus
1213 2286 1593 2356 praestantes
1638 2279 1917 2355 lyrarum
1953 2278 2370 2356 fabricatores,
2419 2258 2710 2356 liaec''qui
2747 2293 2968 2355 quaeso
3001 2293 3134 2336 con·

544 2388 824 2447 clusionis
886 2385 1017 2445 loco
1085 2386 1448 2460 praegressis
1508 2382 1713 2440 subiici
1773 2381 2065 2458 possunt?
2141 2383 2272 2442 Non
2334 2382 2476 2440 illud
2538 2400 2679 2440 sane
2744 2400 2814 2440 ex
2876 2382 3129 2441 Socratis

544 2494 1054 2568 argumentatione
1085 2488 1348 2564 efficitur,
1393 2484 1499 2546 sed
1545 2486 1657 2547 hoc
1703 2488 1918 2577 potius,
1966 2488 2214 2546 omnino
2261 2504 2355 2546 eos
2400 2504 2527 2546 non
2558 2493 2826 2562 oportere
2858 2481 3135 2561 lyrarum

538 2594 931 2672 fabricatores
975 2610 1091 2651 esse
1136 2572 1631 2668 quemadmodum
1677 2597 1814 2666 post
1863 2590 1963 2650 illa
2010 2591 2182 2653 infert
2226 2589 2521 2667 Socrates,
2571 2576 2735 2650 Ου’δὲ
2782 2578 2896 2669 μὴν
2948 2576 3135 2649 αυλο-

541 2698 774 2778 ποιϊκῆς
832 2715 901 2777 γε
962 2681 1236 2778 δηλονότι
1296 2683 1580 2775 δεόμεθα.
1669 2695 1737 2754 In
1797 2705 2077 2772 promptu
2122 2704 2212 2756 est
2259 2697 2577 2771 corrigere,
2622 2684 2780 2774 ἡμᾶς
2841 2693 3127 2772 λυροποι-

544 2820 649 2871 ους
710 2800 832 2862 δεῖν
891 2793 1037 2862 εἶναι
1098 2821 1271 2880 quam
1320 2804 1738 2862 correctionem
1785 2800 1859 2859 ab
1907 2800 2172 2860 Heusdio
2220 2816 2453 2878 quoque
2500 2801 2891 2874 excogitatam
2939 2799 3132 2875 vide0,

541 2909 657 2967 nisi
702 2906 858 2983 quod
907 2906 1094 2966 voluit
1137 2925 1242 2986 ημ.
1288 2897 1648 2984 λυροποιους
1694 2902 1814 2964 δεῖν
1860 2894 2090 2972 δεινους
2136 2893 2305 2965 εἶναι.
2397 2901 2513 2963 Sed
2560 2900 2706 2962 nihil
2753 2902 2846 2962 hic
2893 2903 2968 2961 ad
3000 2921 3132 2962 sen·

545 3030 676 3070 sum
724 3012 922 3070 fecerit
966 3009 1082 3070 hoc
1126 2998 1389 3086 δεινούς,
1437 3027 1644 3086 neque,
1691 3011 1739 3067 si
1790 3008 1903 3069 hoc
1946 3009 2242 3085 posuisset
2287 3007 2479 3080 Plato,
2526 3006 2627 3065 illa
2667 3007 2870 3065 fuisset
2900 3005 3134 3065 additu-

546 3132 644 3174 rus
692 3109 796 3174 καὶ
837 3099 1114 3194 τοιαύτης
1157 3103 1309 3183 τινὸς
1354 3098 1680 3194 ἐπιστήμης
1725 3095 2081 3193 ἐπηβόλους.
2190 3109 2328 3171 Jam
2389 3113 2438 3171 si
2498 3099 2724 3179 δεινους
2775 3112 3020 3169 mutaris
3066 3113 3130 3169 in

547 3216 697 3295 δεῖν,
760 3237 963 3278 verum
1020 3218 1174 3277 hunc
1232 3217 1477 3278 habebis
1525 3220 2048 3294 argumentationis
2096 3217 2387 3276 tenorem:
2456 3199 2935 3290 Minime'iyitur
2982 3233 3129 3291 opus

541 3332 627 3383 est
668 3331 734 3383 ut
778 3329 971 3383 artem
1015 3324 1180 3399 lyras
1221 3307 1571 3399 fabricandi
1615 3322 2012 3384 addiscamus.
2083 3323 2169 3382 Ac
2203 3338 2280 3381 ne
2323 3323 2570 3410 scientia
2614 3320 2851 3395 quidem
2898 3336 2938 3379 α
2959 3305 2994 3377 ὅ
3009 3317 3046 3379 λ
3064 3336 3130 3380 ο-

541 3427 813 3505 ποιϊκῇ
854 3427 1025 3488 nobis
1068 3434 1151 3487 est
1195 3445 1360 3504 opus.
1450 3428 1646 3503 Iyitur
1690 3446 1766 3487 ne
1810 3405 2293 3506 λογοποιϊκῆ
2336 3425 2591 3501 quidem.
2681 3420 2845 3483 Nam
2888 3431 2955 3482 ut
2982 3411 3132 3482 nihil

541 3533 713 3592 ‘nobis
749 3532 996 3609 prodest
1051 3523 1528 3611 λυροποιϊκή
1580 3532 1796 3608 absque
1839 3529 2387 3609 κιθαριστική,
2449 3529 2600 3588 nihil
2648 3516 3129 3606 αύλοποιῖκὴ

544 3637 764 3713 absque
812 3624 1236 3718 αύλητικῇ,
1297 3641 1387 3696 ita
1428 3655 1504 3697 ne
1549 3639 1669 3720 ista
1711 3636 1949 3713 quidem
1993 3615 2490 3715 λογοποιῖκή,
2545 3636 2612 3692 in
2656 3649 2779 3710 qua
2822 3639 3131 3707 tantopere

541 3742 839 3818 sophistae
892 3744 991 3801 isti
1046 3743 1423 3817 qloriantur,
1492 3742 1820 3817 quidquam
1880 3743 2016 3817 ipsa
2067 3719 2340 3816 proderit
2406 3739 2476 3797 iis
2541 3739 2643 3813 qui
2698 3756 2826 3796 non
2886 3739 3133 3810 insuper

541 3848 854 3906 scientiam
899 3854 1142 3906 teneant
1186 3844 1557 3906 orationibus
1594 3848 1784 3923 perite
1828 3846 2049 3904 utendi.

692 3939 1247 4011 ⁴Winckelrnannus
1307 3951 1633 4010 accuratius
1695 3957 2100 4026 perscrutatus
2160 3948 2352 4009 locum
2416 3964 2640 4007 rursum
2706 3946 2846 4006 novi
2907 3939 3128 4019 aliquid

545 4054 783 4119 detexit.
874 4054 1105 4113 Primus
1151 4056 1305 4114 enim
1352 4062 1508 4114 recte
1552 4056 1963 4131 interpretatus
2009 4061 2097 4113 est
2144 4052 2321 4113 verba
2363 4034 2639 4131 τοιαύτης
2681 4037 2836 4118 τινός
2879 4031 3129 4125 ἐπιστή-

541 4178 658 4242 μης
704 4145 1062 4240 ἐπηβόλους.
1149 4158 1263 4218 Illa
1307 4159 1513 4236 verba,
1560 4161 1781 4236 inquit,
1830 4176 2030 4220 omnes
2075 4156 2480 4218 animadverto
2526 4157 2872 4233 interpretes
2918 4151 3129 4209 referre

543 4264 620 4323 ad
686 4266 995 4325 scientiam
1062 4263 1221 4342 lyras
1283 4262 1627 4327 fabricandi.
1719 4264 1939 4325 Verum
1996 4265 2148 4323 euim
2201 4277 2335 4322 vero
2383 4262 2715 4320 necessario
2762 4259 2989 4334 oportet
3034 4253 3130 4313 hic

543 4367 787 4445 intelligi
833 4370 1141 4428 scientiam
1187 4386 1338 4446 eam,
1385 4370 1440 4426 in
1490 4386 1608 4447 qua
1654 4365 2088 4442 investiganda
2114 4382 2246 4425 cum
2292 4367 2548 4425 maxime
2594 4370 2900 4425 versantur
2942 4376 3021 4421 sc.
3071 4361 3129 4419 in

543 4491 660 4550 qua
718 4474 908 4533 facere
968 4481 1027 4532 et
1087 4474 1240 4535 facto
1287 4475 1372 4534 uti
1417 4481 1505 4532 est
1551 4480 1710 4533 arcte
1756 4470 2115 4550 copulatum.
2206 4470 2355 4550 Quis
2402 4473 2556 4531 enim
2600 4470 2712 4530 sibi
2759 4467 3127 4545 persuadeat,

540 4579 696 4636 intra
749 4585 871 4636 tam
935 4576 1110 4637 breve
1169 4582 1458 4657 spatium,
1519 4593 1650 4636 cum
1712 4575 1889 4636 modo
1950 4575 2129 4652 paulo
2190 4581 2328 4634 ante
2387 4576 2605 4635 dictum
2652 4581 2807 4633 esset
2850 4559 3130 4652 τοιαύτης
