3509 5375
2854 520 3018 577 1097

381 689 719 766 sophistam
764 690 1193 767 Politicumque
1252 685 1403 770 (The
1447 686 1913 766 sophistes-and
1953 682 2242 750 :Ponticus
2290 691 2355 749 of
2395 686 2570 750 Plato
2603 691 2749 752 Ὀιιῐ.
2779 678 2967 750 ’1867

384 793 576 853 Praei.
608 811 663 869 p.
690 795 726 852 8
762 793 900 870 „the
924 792 1049 853 MS.
1080 793 1185 852 has
1218 795 1370 853 been
1396 792 1696 853 consulted
1721 789 1983 874 afresh“)
2014 792 2359 868 contulisse3
2404 793 2506 852 sed
2537 793 2678 853 mihi
2710 784 3000 870 perennes

387 893 542 975 (cum
602 896 937 955 hominibus
999 896 1365 972 quibusdam·
1412 896 1599 956 doctis
1658 882 1985 977 Britannis)
2049 895 2120 955 id
2169 895 2344 973 qued*
2381 898 2580 956 -etiaur
2633 884 2818 956 verba‘
2877 915 2977 957 ex-

386 990 608 1079 s'eri'pta
640 999 921 1059 inescare
966 998 1301 1074 videniur,
1294 998 1766 1105 Campbellium
1813 1000 1948 1059 hos·
1976 999 2266 1075 dialogos
2288 1016 2404 1058 non
2443 1009 2724 1061 accurate
2769 1007 2978 1060 contu

385 1102 529 1163 lisse
556 1101 681 1165 sed
724 1104 922 1178 potius
968 1096 1065 1161 hic
1111 1098 1231 1161 illic
1275 1094 1601 1179 inspeiisse
1618 1100 1689 1181 ¹).
1759 1092 2088 1180 Aliquanto
2135 1103 2345 1165 melius
2385 1108 2513 1162 rem
2559 1107 2742 1176 gessit
2770 1103 2990 1165 James·

386 1188 645 1265 Rideam?
664 1208 723 1264 ia
772 1188 1086 1281 Apologia,
1130 1203 1295 1285 (The
1324 1205 1618 1285 Apology
1663 1200 1731 1266 of
1770 1206 1943 1266 Plato
1991 1200 2438 1293 Oxf.1867)3
2469 1206 2598 1267 hic
2587 1209 2840 1284 saepius
2886 1216 2977 1268 res

387 1304 536 1386 quas
583 1309 784 1369 dicunt
828 1310 995 1369 leves
1058 1309 1391 1369 adnotatas
1439 1306 1728 1386 reperies,
1787 1306 1894 1369 sed
1951 1316 2333 1401 nequaquam
2381 1320 2587 1371 omnes
2631 1327 2782 1387 quas
2825 1309 2977 1370 desi—

387 1407 1051 1490 deres2).campbe11
1087 1414 1283 1489 igitur
1306 1420 1365 1472 et
1394 1410 1646 1479 Riddell.
1677 1412 1944 1489 eligendi
1973 1413 2247 1475 lectiones
2293 1413 2521 1472 libidini
2564 1417 2766 1489 magis
2802 1428 2979 1491 quam

386 1515 582 1576 studio
614 1531 715 1575 eas
736 1515 1007 1576 fideliter
1022 1512 1382 1577 describendi
1413 1512 1813 1592 indulgebant.
1882 1516 1931 1575 A
1967 1515 2186 1592 quibus
2211 1514 2460 1575 multare
2477 1515 2748 1576 discessit
2765 1515 2836 1579 ·.J
2859 1512 2980 1594 By·

385 1627 579 1679 water³
608 1619 785 1678 homo
828 1636 1082 1707 magnae
1130 1616 1498 1697 diligentiae,
1542 1624 1743 1696 magni
1792 1624 2049 1698 ingenii,
2087 1636 2225 1680 cum
2273 1614 2758 1681 Phaedonem-in
2806 1632 2975 1680 usum
3078 1691 3081 1695 ,

386 1722 663 1784 Guilelmi
724 1723 1010 1798 Wagneri
1069 1724 1389 1803 conferret,
1450 1726 1550 1801 qui
1611 1725 1891 1785 lectiones
1938 1732 2206 1785 enotatas
2249 1722 2678 1785 stelionibus&
2713 1720 2978 1783 ⁸editioni

385 1820 726 1887 Phaedonis
793 1822 1049 1903 (Plato’s
1114 1827 1358 1912 Phaedo
1435 1828 1514 1905 by
1580 1827 1861 1888 wilhelm
1920 1827 2180 1904 Wagner
2251 1827 2603 1903 Cambridge
2676 1824 2869 1907 1870)
2895 1821 2974 1906 ²).

386 1922 554 1989 Haec
600 1928 836 1990 collatio
884 1929 1169 2011 laudabili
1211 1931 1501 1991 industria
1544 1938 1725 2009 atque
1772 1931 2090 2019 diligentia,
2119 1932 2385 1991 confecta
2431 1938 2556 2007 est3
2618 1939 2677 1993 et
2720 1934 2770 1990 si
2815 1933 2977 1991 vitiis

312 2030 317 2033 ’
388 2048 505 2092 non
532 2060 535 2063 *
563 2029 751 2109 caret,
820 2051 1006 2093 causa
1050 2034 1188 2094 inde
1232 2035 1486 2112 petenda
1548 2048 1660 2113 est,
1729 2036 1887 2112 quod
1932 2036 2209 2112 Bywater
2272 2043 2446 2095 antea
2488 2035 2720 2094 nullum
2762 2034 2978 2095 librum

393 2153 576 2195 manu
614 2137 895 2212 scriptum
929 2124 1275 2208 contulerat.
1363 2137 1573 2214 Itaque
1621 2156 1752 2198 cnm
1801 2138 1876 2221 ad
1908 2139 2063 2198 hunc
2094 2128 2392 2214 dialogum
2424 2140 2739 2215 postquam
2774 2157 2977 2198 omnes

385 2246 783 2315 perscrutatus
827 2257 989 2314 sum,
1037 2242 1408 2319 accesserim,
1465 2237 1585 2300 non
1631 2240 1811 2300 nulla¹
1844 2245 2040 2301 inveni
2086 2262 2122 2300 a
2154 2242 2431 2318 Bywater
2472 2240 2570 2301 vel
2618 2245 2836 2301 omissa
2880 2240 2978 2299 vel

385 2343 577 2401 minus
624 2351 897 2402 accurate
942 2352 1200 2405 enotata.
1281 2345 1379 2404 'In
1426 2329 1632 2404 ceteris
1679 2345 2035 2414 editionibus
2081 2346 2350 2420 Anglicis
2376 2332 2663 2407 ‘Platonis
2710 2344 2978 2420 dialogo-

384 2462 511 2502 rum
552 2443 721 2504 nulla
768 2450 918 2506 ratio
964 2447 1172 2507 habita
1230 2457 1320 2506 est
1378 2447 1510 2506 libri
1558 2448 1884 2524 Clarkiani3
1951 2465 2025 2507 ne
2069 2448 2249 2507 Poste
2293 2447 2562 2525 quidem,
2618 2435 2980 2525 quamquam

384 2546 601 2608 Oxonii
664 2550 940 2628 vivebat,
1017 2557 1336 2627 antequam
1400 2551 1598 2611 ederet
1659 2551 1972 2612 Philebum
2033 2548 2185 2642 (The
2229 2545 2519 2612 Philebus
2566 2554 2634 2610 of
2670 2550 2848 2611 Plato
2894 2551 2975 2627 by

384 2650 642 2711 Edward
688 2652 869 2714 Poste
913 2652 1137 2715 Oxford
1187 2650 1382 2734 1860)
1435 2654 1813 2716 Clarkianum
1858 2653 2072 2715 librum
2129 2657 2415 2733 inspexit;
2481 2668 2661 2734 quam
2718 2654 2791 2714 ob
2854 2670 2979 2715 rem

378 2759 645 2822 ,max-ima
689 2775 834 2818 sane
878 2762 1325 2836 vituperatione
1356 2769 1447 2821 est
1490 2760 1733 2839 dignus
2779 2821 2786 2828 .

566 2859 733 2942 Vitia
777 2861 1038 2938 indicata
1082 2881 1282 2922 eorum
1330 2868 1427 2941 qui
1475 2876 1611 2925 ante
1655 2884 1749 2926 me
1795 2868 1854 2923 in
1903 2864 2257 2924 conferendo
2303 2863 2453 2923 libro
2485 2862 2802 2928 Glarkiano
2850 2880 2979 2922 ver-

389 2966 502 3022 sati
568 2972 704 3023 sunt
749 2973 814 3024 ut
857 2966 1133 3043 vitarem,
1182 2983 1292 3046 ego
1341 2985 1470 3027 cum
1520 2968 1712 3029 denuo
1760 2987 1895 3042 eum
1941 2976 2317 3045 excuterem,
2339 2967 2489 3028 haec
2534 2970 2791 3045 quinque
2836 2966 2981 3025 mihi

391 3067 758 3128 observanda
802 3085 933 3130 esse
979 3068 1148 3128 duxi.

496 3168 556 3251 1)
605 3170 811 3232 Omnis
859 3172 1289 3250 discrepantiae.
1337 3173 1435 3234 vel
1479 3174 1821 3241 levissimae
1862 3178 2148 3236 rationem
2193 3175 2507 3237 habebam.

493 3272 557 3356 2)
602 3274 1072 3352 Diligentissime
1140 3275 1561 3355 observabam,
1629 3278 1772 3356 quid
1822 3296 1860 3337 a
1915 3296 2096 3340 manu
2142 3278 2171 3338 1
2213 3277 2540 3356 profectum
2585 3284 2774 3362 esset,
2843 3277 2982 3355 quid

596 3396 808 3440 manus
853 3376 1009 3440 aliae
1052 3381 1149 3440 vel
1195 3389 1519 3442 novassent
1562 3382 1660 3441 vel
1704 3381 2096 3462 supplessent.

488 3478 551 3562 3)
597 3481 727 3542 Has
775 3502 984 3545 manus
1032 3484 1127 3546 vel
1175 3487 1529 3563 corrigentes
1576 3486 1670 3546 vel
1730 3485 2073 3563 supplentes
2128 3492 2398 3548 accurate
2458 3484 2816 3562 distinguere
2860 3493 2984 3545 stu-

597 3586 831 3647 debam.
928 3658 932 3663 .

491 3687 558 3772 4)
602 3691 879 3753 Scholiae
924 3709 1080 3769 quae
1126 3692 1370 3777 baberet
1415 3691 1524 3769 01„
1569 3692 1776 3752 sedulo
1823 3695 2161 3771 exemplari*
2187 3709 2320 3753 mco
2367 3689 2794 3753 adscribebam.

491 3790 554 3873 5)
597 3795 795 3856 Etiam
823 3798 899 3873 ,in
929 3795 1171 3857 scholiis
1201 3796 1535 3875 ubicunque
1571 3796 1693 3858 fieri
1740 3800 1933 3875 potuit
1977 3816 2188 3858 manus
2235 3804 2292 3857 et
2337 3803 2564 3858 aetates
2609 3795 2978 3857 librariorum

597 3895 925 3960 discernere
972 3901 1250 3960 conabar.
2111 3887 2114 3890 ¹

530 4100 569 4171 1)
605 4105 679 4155 Et
709 4104 758 4153 si
791 4104 927 4155 forte
960 4106 1303 4159 Theaetetum
1338 4111 1506 4159 totum
1539 4107 1782 4175 perlegit,
1817 4124 1924 4160 non
1959 4110 2133 4159 omnia
2167 4099 2420 4161 adnotata
2453 4109 2514 4159 in
2547 4107 2776 4160 editione
2812 4105 2970 4157 huius

390 4188 590 4266 dialogi
626 4190 965 4257 exscripsisse
998 4192 1315 4245 iudicandus
1349 4198 1448 4245 est.

525 4273 577 4342 ²)
612 4276 792 4328 Etiam
827 4276 1129 4343 Critonem,
1181 4278 1518 4332 Phaedonem
1563 4280 1878 4349 Symposion
1923 4279 2135 4333 Riddell
2167 4294 2495 4346 comparasse
2529 4277 2725 4329 Edwin
2760 4276 2980 4329 Palmet

385 4366 479 4432 qui
514 4368 635 4430 post
667 4365 783 4416 eius
818 4369 1038 4417 mortem
1055 4365 1370 4432 Apologiam
1402 4366 1693 4420 indicatam
1730 4367 1914 4432 edidit,
1952 4381 2048 4419 nos
2083 4366 2236 4419 docet
2273 4361 2832 4433 [1.o.p.XXX1V)3
2871 4362 2978 4415 hae

385 4466 510 4504 vero
545 4450 859 4503 collationes
894 4466 1002 4502 non
1036 4456 1162 4503 sunt
1198 4451 1373 4503 editae
1408 4451 1467 4505 in
1502 4452 1692 4504 lucem.

523 4535 574 4604 1Ι)
611 4534 820 4588 Vellem
854 4537 942 4589 W.
977 4536 1272 4604 Wagnerus
1320 4540 1376 4589 in
1421 4538 1629 4591 scriniis
1677 4539 1979 4593 retinuisset
2021 4535 2218 4591 librum
2231 4573 2247 4603 ,
2312 4537 2435 4589 dum
2491 4536 2789 4602 accepisset
2850 4534 2973 4587 illas

382 4621 668 4689 lectionem
705 4622 878 4691 potuit
910 4629 1024 4676 tum
1059 4628 1262 4676 textum
1294 4639 1453 4691 quem
1478 4631 1686 4696 ,vocant
1731 4627 2022 4700 lectionum
2059 4623 2459 4679 Ciarkianarnm
2495 4637 2599 4690 ope
2635 4619 2979 4675 constituere.
