3509 5375
557 526 681 588 102

547 688 786 781 ἀγαγών
832 690 1075 781 θρέψεις
1116 715 1183 759 τε
1225 690 1330 760 καὶ
1373 682 1740 772 παιδεύσεις,
1785 693 1991 769 ξένους
2019 682 2293 780 ποιήσας,
2338 691 2438 760 ἵνα
2486 690 2591 763 καὶ
2633 681 2812 761 τοῦτό
2847 717 2962 763 σου
2992 685 3148 761 ἄπο-

545 790 867 869 λαόσωσιν.
937 804 1266 867 Pronomen
1294 821 1407 865 σου
1436 823 1515 864 m.
1547 823 1600 867 a.
1635 806 1692 864 in
1725 821 1839 880 mg.
1875 802 1964 867 Cl.
1995 805 2250 882 scripsit.
2279 820 2398 866 cm.
2423 804 2576 865 Tub.
2639 802 2779 879 Quo
2810 823 2944 866 cum
2975 805 3149 868 facile

543 927 741 971 carere
768 912 1081 987 possimus,
1126 908 1562 986 interpolatoris
1606 925 1737 969 esse
1781 915 2077 987 putamus.
2113 940 2204 971 --.
2227 909 2314 969 ,58
2338 908 2416 971 D.
2463 900 2657 986 γέρων
2703 896 2859 988 ἀνὴρ
2889 910 3154 990 σμικροῦ

547 1000 775 1097 χρόνου
817 1014 909 1103 τῷ·
950 1009 1066 1102 βίῳ
1110 1013 1329 1077 λοιποῦ
1371 1000 1547 1084 ὄντος
1591 1004 1678 1081 ὥς
1718 1002 1789 1073 τὸ
1836 995 2034 1089 εἰκός,
2081 997 2422 1094 ἐτόλμησας
2464 999 2631 1075 οὕτω
2674 1005 2979 1094 γλίσχρως
3016 1009 3145 1075 ἐπι*

547 1119 758 1201 θυμεῖν
802 1117 933 1200 ζῇν.
1025 1118 1114 1183 (21.
1160 1105 1358 1187 οὕτως
1402 1109 1708 1197 αἰσχροῖς,
1766 1118 1828 1177 in
1872 1134 1992 1193 mg.
2038 1111 2379 1205 γλίσχρφςς
2446 1119 2583 1179 item
2629 1107 2831 1187 οὕτως
2873 1110 3148 1198 αἰσχραῖς

550 1222 701 1283 Ven.
747 1220 822 1286 Π.
884 1222 1097 1283 Stallb.
1156 1222 1512 1298 „Meliorem
1554 1222 1862 1282 lectionem
1907 1221 2085 1284 Boou.
2148 1223 2217 1281 in
2273 1223 2556 1299 mar-qim
2614 1223 2940 1285 servavit.“
3026 1220 3146 1303 Sos

546 1346 667 1389 non
710 1328 771 1388 id
817 1330 1045 1406 agitur,
1106 1333 1170 1387 ut
1210 1326 1516 1386 meliorem
1561 1325 1914 1404 lectionem,
1959 1325 2063 1386 sed
2109 1332 2180 1386 ut
2219 1343 2422 1389 veram
2468 1329 2862 1391 restituamus.
2948 1327 3138 1388 Nemo

551 1441 746 1495 autem
792 1439 880 1493 est
924 1434 1023 1511 qui
1069 1431 1319 1510 probare
1362 1433 1550 1508 possit
1594 1423 1862 1510 αἰσχρῶς
1905 1429 1999 1491 hic
2042 1446 2159 1490 non
2206 1448 2336 1491 esse
2379 1437 2601 1515 aptum.
2639 1463 2712 1476 -
2764 1434 2844 1491 47
2879 1432 2950 1493 A.
2994 1415 3143 1495 σκό-

542 1556 641 1600 πει
678 1525 792 1618 δή·
841 1524 980 1617 ου’χὶ
1021 1534 1232 1605 καλῶς
1275 1532 1445 1596 δοκεῖ
1487 1550 1584 1595 σοι
1626 1527 1930 1614 λέγεσθαι,
1974 1522 2064 1596 ὅτι
2108 1523 2184 1594 οιῖ
2225 1522 2428 1603 πάσας
2470 1526 2590 1617 χρὴ
2636 1525 2746 1604 τὰς
2790 1523 2973 1607 δόξας
3022 1536 3144 1599 τῶν

547 1626 879 1722 ἀνθρώπων
909 1639 1098 1721 τιμᾶν,
1148 1629 1309 1703 α’λλοὶ
1352 1630 1462 1707 τοὶς
1505 1632 1629 1718 μέν,
1673 1627 1789 1707 τοὶς
1830 1626 1893 1699 δ’
1939 1628 2044 1716 οὕς
2090 1625 2268 1720 [onies
2309 1627 2588 1712 πάντων,
2644 1627 2807 1701 α’λλοὶ
2851 1640 2973 1701 τῶν
3017 1635 3143 1720 μέν,

545 1745 666 1806 τῶν
712 1734 775 1806 δ’
819 1733 951 1827 οό;]
1003 1739 1062 1806 τί
1104 1731 1261 1824 φήςς
1319 1742 1509 1805 ταῦτα
1553 1729 1691 1821 οόχὶ
1735 1740 1941 1812 καλῶς
1983 1736 2249 1823 >te-setam
2293 1742 2497 1803 Verba
2543 1745 2709 1805 uncis
2756 1742 2983 1803 inclusa
3026 1759 3142 1805 om.

547 1846 788 1928 IIWDS,
833 1852 890 1907 in
924 1867 1040 1925 mg.
1065 1848 1287 1909 habent
1310 1847 1397 1912 cl.
1429 1845 1533 1928 (m.
1561 1841 1643 1929 a.)
1673 1846 1826 1906 Tub.
1859 1843 1962 1928 (m.
1994 1841 2155 1926 rec).
2232 1847 2321 1907 Ea
2352 1853 2476 1907 tam
2514 1847 2719 1924 jeiuna
2763 1865 2833 1908 ac
2862 1866 3144 1926 superva-

547 1971 733 2015 canea
763 1959 914 2025 sunt,
963 1960 1026 2012 ut
1057 1954 1285 2013 etiamsi
1319 1968 1522 2011 omnes
1554 1949 1683 2009 libri
1731 1966 1806 2010 ea
1850 1957 2166 2026 tuerentur,
2212 1957 2484 2037 putarem
2531 1966 2603 2011 ea
2635 1949 2901 2013 delenda.
2973 1953 3143 2013 Nunc

545 2065 743 2118 autem
806 2073 937 2117 cum
996 2054 1130 2115 libri
1176 2056 1317 2115 boni
1382 2073 1455 2115 ea
1514 2056 1879 2135 spreverint,
1943 2071 2014 2117 eo
2061 2054 2293 2115 facilius
2340 2055 2637 2119 eiciemus.
2687 2088 2766 2098 —
2816 2058 2900 2115 44
2944 2057 3015 2116 Β.
3059 2040 3144 2131 ὥς

546 2152 774 2222 ἄτοπον
816 2151 886 2220 τὰ
932 2146 1196 2220 ἐνύπνιον
1243 2145 1300 2220 ὦ
1335 2145 1668 2239 Σώκρατες.
1717 2142 1805 2227 οἷς
1849 2174 1966 2220 om.
1999 2158 2154 2218 Tub.
2185 2154 2306 2218 ΨΟ
2352 2156 2393 2219 S
2426 2165 2484 2218 et
2527 2177 2613 2236 pr.
2642 2146 2715 2241 n,
2761 2177 2939 2237 supra
2986 2178 3140 2223 vers.

545 2268 744 2345 posuit
789 2264 877 2327 01.
926 2260 1028 2345 (m.
1074 2261 1179 2343 a.).
1267 2262 1426 2325 Nihil
1471 2263 1737 2340 postulat
1782 2262 1898 2323 hoc
1941 2262 2208 2327 verbum.
2299 2264 2374 2323 cf.
2417 2281 2597 2340 supra
2641 2282 2698 2341 p.
2750 2266 2893 2324 144.

722 2372 802 2430 49
833 2369 901 2431 Ε.
949 2387 1080 2430 cum
1124 2368 1156 2428 1
1199 2387 1278 2429 m.
1319 2368 1405 2429 cl.
1439 2365 1674 2447 προσθε
1716 2365 2091 2428 scribendum
2128 2368 2201 2427 cs.
2237 2365 2437 2426 Kiihn.
2482 2385 2569 2444 gr.
2613 2387 2673 2446 p.
2703 2370 2830 2429 229
2877 2376 2937 2430 et
2979 2368 3146 2448 Gorg

547 2475 675 2537 504
719 2474 791 2533 Β.

722 2578 838 2639 Sed
885 2596 1002 2638 non
1048 2579 1239 2638 solum
1285 2594 1437 2657 quae
1483 2595 1692 2636 manus
1739 2577 2100 2653 antiquiores
2146 2576 2596 2654 suppleverunt,
2644 2595 2715 2638 ea
2759 2578 3007 2638 fideliter
3049 2600 3136 2645 re·

547 2691 826 2763 ceperunt
870 2681 1142 2760 editores-³,
1187 2681 1292 2743 sed
1339 2683 1516 2742 etiam
1564 2680 1724 2760 talia,
1773 2696 1926 2758 quae
1971 2680 2241 2741 manibus
2288 2685 2699 2744 recentissimis
2747 2681 2949 2744 deberi
2995 2685 3139 2745 mihi

542 2791 850 2865 persuasi3
917 2785 1099 2847 veluti
1146 2788 1283 2850 Crit.
1333 2788 1413 2847 52
1461 2787 1535 2846 Β.
1595 2786 1778 2846 verba
1841 2774 1932 2844 ὅτι
1972 2775 2056 2866 μὴ
2118 2773 2284 2856 ἅπαξ
2342 2779 2424 2858 εἰς
2464 2774 2723 2869 Ἰσθμόν.
2822 2789 2910 2852 Cl.
2958 2789 3140 2852 habet

541 2910 613 2952 ea
673 2892 944 2971 suppleta
1008 2895 1064 2951 in
1124 2891 1324 2953 infima
1384 2909 1502 2967 mg.
1563 2908 1746 2949 manu
1809 2883 2240 2968 recentissima3
2301 2871 2478 2951 etiam
2540 2896 2596 2953 in
2643 2893 2792 2957 Tub.
2841 2896 3141 2972 supplevit

541 3014 617 3057 ea
659 3015 739 3059 m.
787 3015 901 3060 rec.
935 3014 1173 3074 prorsus
1225 3013 1340 3056 om.
1395 2991 1646 3072 1111r1383
1700 2994 2015 3055 Fischerus
2062 3000 2274 3056 retinet
2326 2997 2537 3074 verba,
2586 2999 2744 3077 quod
2788 2999 2905 3058 iam
2957 3000 3139 3062 Athe-

539 3119 725 3163 naeus
763 3102 839 3165 V.
889 3100 969 3162 55
1026 3120 1099 3161 ea
1141 3102 1369 3178 legerit.
1478 3099 1593 3160 Sed
1655 3099 1791 3159 huic
1852 3102 2186 3160 testimonio
2248 3118 2367 3160 non
2411 3102 2659 3162 multum
2705 3122 2833 3163 esse
2878 3105 3135 3168 tribuen-

543 3206 680 3266 dum
736 3225 808 3266 cx
861 3209 988 3285 ipsa
1035 3203 1416 3268 adnotatione
1467 3204 1725 3265 Fischeri
1772 3211 1966 3282 patet:
2033 3209 2115 3264 At
2172 3205 2593 3276 0asaubonm,
2664 3209 2870 3288 iuquit,
2940 3210 3138 3272 obser-

543 3320 650 3372 vat
708 3329 898 3388 neque
955 3311 1160 3371 dubito
1225 3312 1374 3388 quin
1431 3327 1600 3385 vere,
1670 3302 2045 3369 Athenaeum
2109 3318 2216 3369 aut
2273 3329 2402 3371 ‘non
2446 3311 2716 3372 habuisse
2761 3315 2830 3372 in
2874 3317 3140 3391 exemplo

545 3411 810 3476 Critonis
869 3434 978 3494 suo
1036 3414 1220 3474 verba
1276 3406 1337 3473 εἰ
1403 3398 1507 3493 μή
1560 3430 1693 3472 ποι
1749 3429 1880 3492 στρ
1902 3430 2005 3472 ατ.
2065 3421 2172 3473 aut
2229 3429 2303 3474 ea
2358 3416 2427 3473 in
2470 3418 2756 3492 excerptis
2798 3419 2920 3476 suis
2965 3426 3031 3476 ut
3074 3420 3140 3495 fit

532 3522 1021 3597 praetermisisse.
1108 3519 1185 3578 Et
1246 3525 1309 3577 ut
1362 3516 1753 3577 concedamus
1803 3517 2174 3577 Athenaeum
2234 3516 2447 3595 legisse
2508 3520 2718 3596 verba,
2787 3519 2924 3597 quid
2972 3521 3136 3580 aliud

535 3623 674 3684 inde
732 3627 997 3701 sequitur
1055 3640 1232 3700 quam
1296 3626 1361 3679 ut
1416 3621 1666 3680 hominis
1732 3620 2038 3681 cuiusdam
2087 3620 2244 3682 docti
2288 3622 2594 3683 adnotatio
2641 3623 2743 3684 illa
2789 3614 2881 3684 ὅτι
2917 3613 3007 3710 μὴ
3057 3619 3141 3696 εἷς

532 3713 777 3808 Ἰσθμόν
820 3731 966 3787 satis
1013 3730 1090 3786 sit
1134 3724 1430 3803 antiqua?

710 3830 965 3891 Phaedr.
998 3833 1119 3890 231
1157 3832 1220 3892 C.
1263 3824 1353 3890 ἔτι
1397 3823 1465 3889 δὲ
1512 3821 1563 3890 εἷ
1607 3821 1706 3891 διὰ
1750 3832 1934 3891 τοῦτο
1983 3817 2150 3899 αξιον
2200 3849 2344 3899 τους
2402 3826 2667 3911 ἐρῶντας
2726 3825 2862 3912 περὶ
2905 3833 3140 3895 πολλοῦ

534 3932 872 4007 ποιεῖσθαι,
929 3953 1023 3994 οτι
1067 3951 1318 4004 τουτους
1373 3920 1634 4013 μαλιστα
1694 3951 1842 4014 φασι
1888 3932 2076 4014 φιλεῖν
2125 3953 2213 3993 ιον
2259 3951 2337 3995 αν
2383 3929 2565 4015 ἐρωσι
2609 3929 2712 3997 και
2756 3931 2984 4018 ἕτοιμοί
3026 3932 3140 4002 εῗσι

538 4032 645 4100 καὶ
689 4034 759 4100 ἐκ
802 4037 922 4099 τῶν
968 4027 1164 4117 λόγων
1208 4057 1313 4100 ’και
1358 4033 1427 4100 ἐκ
1470 4041 1589 4100 τῶν
1632 4034 1828 4120 ἔργων
1872 4038 1997 4107 τοῖς
2041 4028 2243 4108 ἄλλοις
2285 4024 2767 4122 α’πεχθανομενοι
2810 4041 2935 4114 τοῖς
2977 4037 3138 4124 ’ἐρω-

537 4137 735 4223 μένοις
777 4137 1154 4222 χαρίζεσθαι,
1199 4127 1407 4237 ῥᾴδιον
1451 4144 1676 4225 γνῶναι
1718 4135 1771 4203 εἰ
1818 4130 2023 4223 ἀληθῆ
2056 4138 2347 4221 λέγουσιν.
2414 4144 2508 4203 Λᾶ
2554 4140 2769 4224 ἐρῶσιν
2815 4165 2891 4210 m.
2942 4166 3135 4209 recen·

540 4249 771 4310 tissima
813 4248 1018 4310 adnot.
1063 4243 1370 4330 ’κείμενονε
1416 4242 1520 4309 καὶ
1562 4241 1796 4326 ἕτοιμοί
1838 4240 1950 4310 εἰσι
1994 4243 2151 4329 (R¹).
2241 4247 2443 4309 Verba
2483 4265 2601 4310 om.
2646 4245 2804 4314 AGT
2849 4258 2907 4311 et
2951 4270 3039 4328 pr.
3064 4250 3137 4313 Π.

536 4350 893 4414 Removebis
923 4354 1433 4432 interpolationem
1467 4369 1645 4429 quam
1679 4351 1774 4414 vel
1801 4352 2471 4418 recentissimi-editores
2496 4353 2764 4420 Badham
2797 4362 2855 4415 et
2880 4355 3138 4434 'rhomp-

535 4472 644 4518 son
689 4459 969 4518 intactam
1016 4460 1407 4538 reliquerunt3
1450 4474 1587 4518 nam
1635 4444 1856 4536 οἷπεχθ.
1903 4451 2262 4538 χαρίζεσθαι
2299 4458 2515 4535 pendet
2557 4478 2597 4520 a
2642 4454 2844 4541 φασίν.

710 4559 892 4640 Gorg.
943 4565 1071 4624 466
1120 4563 1192 4624 Α.
1250 4564 1377 4624 iure
1430 4562 1778 4641 expulerunt
1830 4561 2014 4626 verba
2067 4547 2404 4643 πρεσβύτης
2465 4549 2798 4642 γενόμενος.
2853 4583 3009 4632 nam.
3035 4584 3137 4630 ω.

540 4667 942 4731 recentissima
987 4658 1133 4749 (R')
1193 4684 1261 4730 ea
1320 4668 1378 4734 in
1440 4683 1558 4746 mg,
1607 4665 1787 4734 babet
1832 4666 2032 4732 addito
2077 4660 2367 4733 λείπουσι.
2413 4701 2501 4717 ·--
2556 4666 2740 4747 Gorg.
2788 4670 2908 4738 491
2956 4670 3036 4736 Ι).
3079 4664 3141 4736 τί
