3509 5375
2863 543 2940 600 67

355 710 452 770 elt.
557 705 657 788 (εἴ.
715 726 867 788 quae
926 708 1200 770 Socrates
1245 728 1304 787 p.
1354 708 1478 771 295
1525 706 1595 772 Β.
1645 707 1786 770 dicit
1831 700 1993 771 οὕτω
2038 700 2155 792 γοὶρ
2200 700 2468 793 ποιήσω,
2533 701 2704 783 ὅπως
2748 700 2822 773 ἄν
2870 705 2943 773 σὰ

352 801 654 898 κελεόῃς).
743 814 942 875 Verba
987 822 1205 891 autem,
1252 815 1452 892 qualia
1498 832 1652 875 nune
1697 814 1996 894 leguntur,
2042 819 2126 876 ita
2158 827 2506 897 comparata
2535 827 2690 895 sunt,
2738 827 2801 878 ut
2847 836 2941 879 so-

352 917 584 996 phffitae
629 919 851 996 aliquid
899 914 1232 978 faciendum
1278 936 1406 979 esse
1453 927 1643 996 putes,
1692 926 1754 978 ut
1802 909 1966 980 οὕτω
2010 921 2199 982 ποιεῖν
2243 923 2318 980 ad
2366 917 2461 984 σοὶ
2505 924 2739 982 reseras.
2823 924 2945 983 Ita-

354 1041 468 1100 que
514 1030 618 1083 aut
665 1016 759 1084 σοὶ
805 1032 910 1084 aut
952 1024 1137 1084 ποιεῖν
1202 1023 1279 1083 ab
1327 1024 1439 1084 hoe
1483 1024 1614 1085 loeo
1661 1023 2086 1084 removendum
2133 1035 2238 1085 est.
2328 1025 2495 1086 Haec
2539 1027 2810 1105 exempla
2853 1044 2948 1087 me

349 1127 686 1204 stupendus,
761 1130 824 1187 ut
888 1127 1240 1187 infinitivum
1304 1127 1490 1188 ποιεῖν
1589 1126 1994 1205 expellendum
2076 1146 2383 1190 censeam=
2468 1130 2628 1190 Prot.
2694 1149 2752 1207 p.
2821 1133 2945 1191 362

355 1233 427 1293 Α.
475 1221 641 1293 οὕτω
684 1221 807 1312 χρὴ
851 1230 1061 1310 ποιεῖν,
1107 1226 1170 1292 εἴ
1193 1244 1288 1292 σοι
1332 1229 1517 1295 δοκεῖ.
1566 1233 1811 1294 'rheae-t.
1862 1234 1979 1293 145
2032 1235 2094 1296 C.
2147 1223 2308 1297 ἀλλὰ
2339 1225 2459 1315 χρὴ
2503 1236 2689 1296 ποιεῖν
2732 1236 2945 1311 ταῦτα,

350 1330 406 1397 εἷ
447 1329 545 1398 σοὶ
590 1334 774 1398 δοκεῖ.
863 1337 1004 1397 ibid.
1055 1338 1177 1397 184
1224 1337 1295 1397 A.
1344 1325 1505 1399 α’λλοὶ
1547 1330 1686 1418 χρὴ,
1734 1331 1786 1398 εἰ
1830 1334 2013 1415 δοκεῖ,
2061 1328 2228 1401 οὕτω
2272 1340 2479 1400 ποιεῖν.
2538 1340 2686 1416 Rep.
2718 1341 2768 1404 I.
2818 1342 2942 1400 328

350 1442 420 1502 Β.
471 1430 603 1503 ἀλλ’
642 1433 694 1502 εἰ
740 1438 944 1516 δοκεῖ,
992 1431 1157 1502 οιῖτω
1202 1432 1325 1523 χρὴ
1368 1440 1575 1506 ποιεῖν.
1666 1442 1871 1520 Symp.
1911 1444 2028 1503 175
2064 1442 2133 1506 B.
2184 1431 2315 1504 ἀλλ’
2361 1434 2522 1504 οὕτω
2567 1435 2688 1526 χρὴ
2734 1447 2941 1519 ποιεῖν,

350 1539 401 1605 εἰ
459 1536 557 1606 σοὶ
615 1542 795 1608 δοκεῖ.
900 1547 1053 1606 Tim.
1101 1547 1184 1606 20
1231 1547 1304 1608 D.
1363 1545 1568 1607 ταῦτα’
1605 1538 1723 1626 χρὴ
1787 1543 1955 1626 δρᾶν,
2016 1540 2068 1605 εἰ
2126 1539 2231 1606 καὶ
2286 1546 2375 1634 τῷ
2432 1540 2612 1634 τρίτῳ
2679 1548 2947 1635 κοινωνῷ

353 1642 587 1736 Τιμαίῳ
629 1647 924 1718 ξυνδοκεῖ.
1018 1651 1192 1708 Arist.
1235 1650 1389 1710 Ναὶ).
1429 1652 1495 1709 11
1556 1639 1690 1711 ἀλλ’
1733 1643 1785 1709 εἰ
1830 1646 2029 1723 δοκεῖ,
2074 1642 2380 1730 ῥέγκωμεν
2427 1644 2936 1731 ἐγκεκαλυμμένοι

351 1753 425 1812 id.
479 1754 588 1812 A'v,
635 1755 758 1814 665
810 1741 944 1814 ἀλλ’
985 1745 1039 1813 εἰ
1082 1750 1252 1812 δοκεῖ
1295 1752 1503 1836 σφῷν,
1561 1754 1754 1815 ταῦτα
1794 1744 1919 1834 χρὴ
1965 1748 2132 1834 δρᾶν.
2196 1752 2445 1815 Phued.
2497 1757 2577 1814 ‘10
2625 1756 2687 1815 C.
2734 1750 2785 1815 εἷ
2830 1740 2945 1816 οὖν

352 1855 536 1931 δοκεῖ,
581 1849 703 1938 χρὴ
751 1854 1224 1919 διασκοπεῖσθαι.
1316 1857 1543 1918 Oharm.
1574 1860 1695 1918 169
1729 1858 1803 1917 D.
1851 1845 1984 1918 ἀλλ’
2028 1849 2080 1918 εἰ
2125 1855 2296 1918 δοκεῖ
2338 1844 2397 1917 ὦ
2424 1852 2651 1938 Κριτία,
2694 1858 2796 1919 νῦν
2840 1853 2948 1938 μὲν

348 1962 524 2023 τοδτο
585 1947 1092 2042 ξυγχωρήσωμεν.
1206 1962 1384 2023 Arist.
1429 1960 1506 2022 R.
1556 1962 1700 2022 870.
1802 1957 2184 2021 scribendum
2245 1963 2422 2036 igitur
2478 1950 2611 2023 ἀλλ’
2669 1955 2720 2022 εἰ
2777 1959 2947 2022 δοκεῖ

351 2083 477 2143 σοι,
539 2052 905 2147 Εὸθόθημε,
952 2054 1117 2127 οὕτω
1160 2059 1458 2146 ποιητέον.

519 2224 577 2283 p.
626 2206 753 2265 294
802 2206 864 2265 C.
921 2182 1010 2265 τοὶ
1072 2198 1140 2265 δὲ
1200 2190 1585 2284 ἀνδρειότατα
1643 2187 1832 2285 ὄμόσε
1888 2194 2043 2285 ᾔτην
2102 2207 2227 2285 τοῖς
2283 2192 2663 2285 ἐρωτήμασιν
2712 2189 2944 2285 ὅμολο-

348 2311 593 2393 γοῦντες
650 2300 869 2370 εἰδέναι
928 2296 1135 2388 ὥσπερ
1198 2300 1254 2367 οἱ
1296 2298 1516 2388 κάπροι
1565 2301 1622 2367 οῖ
1662 2294 1816 2387 πρὸς
1858 2296 1965 2388 τὴν
2019 2298 2251 2390 πληγὴν
2311 2292 2505 2388 ὁμόσε
2566 2294 2944 2389 ὥθοόμενοι.

349 2401 529 2496 ὁμόσε
572 2408 872 2490 signifieat¹
913 2407 997 2482 εἷς
1039 2399 1256 2490 ταιῖτό,
1301 2404 1383 2481 εἷς
1426 2402 1527 2472 τὰν
1576 2399 1760 2472 αότόν
1807 2395 2009 2475 τόπον.
2102 2413 2173 2474 ef.
2224 2413 2410 2473 Cobet
2454 2413 2608 2476 Nov.
2658 2412 2725 2474 L.
2772 2431 2830 2491 p.
2861 2414 2940 2471 99

358 2520 594 2599 „eodem
657 2517 832 2577 modo
892 2499 1080 2596 ὁμόσε
1141 2515 1691 2595 υὺίῳιεείςηίᾶοει
1737 2509 1822 2584 εἷς
1864 2505 2080 2581 eadwi»
2127 2524 2186 2576 et
2230 2505 2416 2596 ὁμόσε
2458 2518 2716 2594 χωρεῖν,
2778 2507 2947 2593 ἰέναι,

346 2598 627 2705 βαδίζειν,
672 2600 1059 2702 πορεόεσθαι,
1107 2619 1251 2694 θεῖν,
1300 2614 1615 2702 φέρεσθαι,
1685 2605 1953 2704 ἐλαύνειν
1999 2619 2117 2681 alia
2164 2620 2498 2699 significant
2555 2612 2639 2690 εἷς
2680 2609 2781 2680 τόν
2833 2608 2947 2681 αό-

349 2719 448 2789 τᾶν
494 2716 682 2787 τόπον
729 2715 837 2786 τινὶ
882 2717 1076 2786 ἐλθεῖν
1124 2732 1179 2785 et
1225 2726 1311 2786 sie
1358 2742 1738 2803 concurrere,
1783 2726 2094 2805 congredi,
2142 2725 2487 2803 confligere,
2547 2744 2755 2785 manus
2803 2744 2940 2787 eon·

349 2833 558 2909 serere,
606 2825 872 2890 similia.“
956 2825 1103 2890 Inde
1136 2827 1304 2890 facile
1336 2829 1675 2905 intellegere
1705 2830 1843 2890 lieet
1888 2832 2026 2908 quid
2072 2834 2148 2890 sit
2191 2832 2315 2901 τοῖς
2344 2816 2715 2912 ἐρωτήμασιν
2757 2816 2941 2909 ὁμόσε

347 2930 513 3000 ἷέναι.
627 2934 840 2996 vertas
894 2929 1045 3010 „den
1092 2933 1323 3008 Fragen
1383 2952 1459 2992 zu
1507 2928 1687 2996 Leibe
1742 2933 1955 3014 geben.
2059 2934 2211 3012 Quid
2274 2941 2473 2994 autem
2520 2936 2598 2994 sit
2640 2924 2792 3014 πρὸς
2834 2923 2942 3013 τὴν

349 3031 574 3124 πληγὴν
622 3025 812 3122 ὁμόσε
859 3028 1158 3102 ὠθεῖσθαι
1171 3083 1190 3113 ,
1248 3057 1365 3100 nou
1411 3045 1607 3116 potest
1651 3038 1930 3116 intellegi.
1995 3026 2188 3120 ὁμόσε
2232 3041 2282 3098 si
2327 3037 2542 3115 pendet
2588 3038 2664 3100 ab
2714 3027 2945 3100 οῗθεῖσ-

359 3143 491 3220 θαι,
556 3164 674 3205 non
720 3152 913 3225 potest
962 3143 1040 3204 ab
1086 3143 1290 3204 eodem
1339 3143 1521 3203 verbo
1568 3144 1819 3222 pendere
1863 3133 2016 3224 πρὸς
2069 3131 2175 3223 τὴν
2233 3131 2499 3224 πληγήν,
2565 3142 2667 3202 sed
2728 3144 2780 3202 si
2841 3131 2946 3221 τὴν

352 3240 580 3331 πληγὴν
639 3252 965 3309 sententiae
1025 3251 1215 3307 inesse
1276 3248 1451 3324 velis,
1520 3256 1640 3307 tum
1699 3247 1775 3306 ab
1838 3231 2029 3327 ὅμόσε
2087 3247 2339 3324 pendere
2388 3246 2621 3307 debebit
2667 3245 2741 3308 ef.
2788 3245 2947 3305 Xen.

346 3353 548 3432 Symp.
578 3354 660 3432 Π,
700 3353 775 3413 13
821 3340 1084 3432 ποιήσειν
1128 3338 1356 3421 πάντας
1378 3340 1743 3433 Ἀθηναίους
1787 3351 2013 3431 τολμᾶν
2061 3335 2249 3432 ὁμόσε
2292 3351 2424 3419 ταῖς
2467 3338 2716 3430 λόγχαις
2754 3342 2937 3428 ἷὲναις

347 3449 499 3536 πρὸς
542 3448 647 3537 τὴν
691 3446 923 3542 πληγὴν
969 3463 1028 3520 et
1073 3435 1261 3535 όμόσε
1306 3457 1456 3515 inter
1499 3474 1562 3515 se
1608 3465 1956 3538 repugnant.
2025 3456 2215 3534 Quam
2262 3457 2708 3534 repugnantiam
2754 3450 2944 3532 tolles,

349 3561 399 3619 si
445 3557 755 3620 sustuleris
798 3545 991 3640 ὁμόσε
1036 3578 1341 3638 perperam
1392 3561 1721 3638 repetitum.

520 3719 577 3777 p,
625 3700 748 3760 285
798 3700 868 3760 A.
931 3693 1032 3760 καὶ
1091 3692 1259 3761 εἷπον
1291 3686 1373 3761 Ὠ
1420 3688 1762 3781 Κτήσιππε,
1808 3694 1944 3779 ἐμοὶ
1986 3694 2093 3780 μὲν
2137 3697 2306 3762 δοκεῖ
2350 3699 2577 3779 χρῆναι
2615 3690 2775 3779 ἡμᾶς
2815 3697 2937 3758 τῶν

344 3797 533 3874 ξένων
578 3799 874 3884 δέχεσθαι
910 3792 955 3864 οἳ
982 3796 1256 3883 λέγουσιν
1288 3794 1393 3870 ἐὰν
1440 3798 1699 3868 ἐθέλωσι
1742 3792 1969 3866 διδόναι
2010 3797 2119 3865 καὶ
2157 3796 2239 3884 μὴ
2272 3789 2516 3883 ὀνόματι
2543 3795 2945 3883 διαφέρεσθαι

349 3902 563 3969 Verba‘
607 3898 712 3969 ἐὰν
766 3901 1029 3970 ἐθέλωσι
1070 3895 1299 3970 διδόναι
1352 3908 1581 3986 expelle
1626 3920 1684 3970 et
1729 3910 1883 3972 eous.
1927 3908 2152 3968 Phileb.
2204 3910 2276 3967 ll
2332 3908 2404 3970 A.
2454 3896 2575 3987 ὅρα
2619 3892 2698 3986 δή
2740 3892 2934 3985 Πριό-

346 4028 538 4092 ταρχε
577 4005 711 4072 τίνα
754 3998 935 4092 λόγον
979 4005 1214 4092 μέλλεις
1251 4002 1422 4092 παρὰ
1469 4001 1740 4094 Φιλήβου
1783 4004 2094 4092 δέχεσθαι.
2199 4011 2387 4071 Thuc.
2434 4014 2493 4071 2.
2537 4012 2597 4073 3.
2641 4000 2784 4082 τούς
2826 4001 2940 4073 λό-

351 4132 496 4195 γους
539 4105 855 4196 δεξάμενοι
894 4107 1204 4197 ἡσυχαζον

1533 4315 1577 4407 θ
1622 4320 1769 4392 eo.

516 4461 886 4540 Quamquam
957 4462 1174 4524 multos
1248 4465 1366 4522 iam
1443 4463 1610 4525 locos
1667 4459 2019 4540 Euthydemi
2081 4465 2468 4543 tentavimus,
2532 4471 2750 4525 ‘tamen
2821 4463 2941 4524 alia

344 4561 534 4628 multa
562 4570 620 4627 in
651 4567 767 4628 hoe
789 4567 1028 4644 dialogo
1050 4577 1383 4649 supersunt,
1416 4585 1571 4647 quae
1593 4569 1927 4645 interpretis
1952 4567 2312 4645 diligentiam
2339 4569 2696 4646 desiderent3
2742 4573 2940 4648 itaque

347 4670 465 4732 hac
507 4672 878 4752 paragrapho
922 4672 1222 4751 dialogum
1260 4672 1694 4757 Euthydemum
1740 4687 2167 4754 percurramus,
2216 4676 2265 4735 si
2314 4673 2453 4750 quid
2502 4672 2664 4733 aliud
2711 4679 2943 4754 praeter

2463 4790 2528 4849 5.
