3509 5375
2901 498 2983 557 65

1461 682 1468 691 ’
1562 683 1793 772 filo.

552 827 1051 907 Interpolationes
1099 827 1285 915 multo
1330 831 1568 908 saepius
1615 848 1796 909 quam
1842 829 2035 891 adhuc
2084 831 2190 890 viri
2240 829 2391 891 docti
2424 835 2705 909 putarunt
2749 830 2808 889 in
2840 828 2981 889 Pla-

380 937 536 993 tonis
598 933 780 994 libros
837 935 1170 1011 irrepsisse,
1238 934 1378 993 mihi
1441 952 1573 995 cum
1621 934 1931 995 Badhamo
1995 944 2085 995 est
2129 952 2493 1013 persuasum.
2582 932 2872 1011 Exempla
2908 916 2979 993 'in

382 1056 737 1116 unoquoque
784 1038 1027 1116 dialogo
1074 1039 1244 1099 nobis
1280 1047 1611 1113 occurrunt,
1659 1039 1838 1101 modo
1871 1038 2182 1116 diligenter
2212 1047 2388 1119 atque
2421 1046 2643 1099 attente
2675 1039 2980 1116 legamus;

378 1145 434 1201 in
485 1143 850 1219 Euthydemo
896 1143 1032 1203 vide
1076 1162 1150 1204 ne
1196 1144 1344 1205 haec
1387 1152 1545 1204 recte
1592 1143 2105 1222 deprehenderim:

552 1264 607 1323 p.
667 1249 794 1307 272
852 1249 926 1307 A.
987 1246 1260 1310 Socrates
1324 1249 1396 1310 de
1459 1248 1833 1325 Euthydemo
1896 1254 1957 1308 et
2012 1246 2428 1326 Dionysodoro
2489 1247 2764 1307 fratribus
2826 1246 2979 1308 haec

379 1352 546 1412 dicit:
605 1346 813 1412 ἔπειτα
873 1343 977 1432 τὴν
1043 1347 1106 1413 ἐν
1166 1356 1291 1422 τοῖς
1352 1346 1758 1433 δικαστηρίοις
1818 1338 2020 1434 μάχην
2066 1344 2368 1433 κρατίστω
2413 1347 2516 1413 καὶ
2563 1340 2979 1431 ἀγωνίσασθαι

375 1449 483 1515 καὶ
530 1446 716 1516 ἄλλον
766 1448 996 1526 διδάξαι
1038 1450 1225 1537 λέγειν
1272 1474 1337 1516 τε
1380 1450 1487 1519 καὶ
1532 1451 1989 1537 συγγράφεσθαι
2046 1451 2263 1537 λόγους
2306 1448 2474 1525 οἵους
2517 1448 2601 1528 εἷς
2643 1445 2720 1516 τὰ
2766 1453 2976 1515 δικασ-

377 1546 577 1641 τήρια.
686 1559 1036 1631 Coniunctio
1096 1551 1204 1621 καῖ
1263 1570 1400 1621 ante
1463 1550 1882 1641 ἀγωνίσασθαι
1942 1561 2322 1622 offensionem
2383 1559 2596 1636 habet3
2657 1574 2793 1620 nam
2842 1574 2974 1618 cum

376 1655 480 1743 τὴν
543 1657 603 1725 ἐν
665 1660 789 1731 τοῖς
857 1658 1260 1749 δικαστηρίοις
1321 1652 1519 1747 μάχην
1581 1668 1997 1742 praecesserit,
2075 1664 2337 1725 membro
2398 1658 2502 1726 καὶ
2559 1652 2977 1741 ἀγωνίσασθαι

378 1768 625 1827 alterum
673 1769 1084 1829 coniunctione
1127 1760 1228 1830 καὶ
1271 1787 1390 1829 non
1436 1777 1634 1847 potest
1680 1768 2032 1846 adgregari,
2078 1770 2187 1828 nisi
2237 1767 2312 1827 ad
2343 1768 2496 1828 idem
2530 1768 2824 1828 oblectum
2868 1756 2976 1846 τὴν

382 1867 441 1933 ἐν
485 1873 611 1942 τοῖς
655 1868 1055 1953 δικαστηρίοις
1099 1852 1296 1955 μᾶχην
1340 1875 1640 1949 reseretur.
1715 1874 1943 1934 Eadem
1987 1890 2168 1934 causa
2214 1891 2307 1934 me
2349 1872 2622 1950 prohibet
2653 1876 2968 1949 quominus

376 1980 664 2037 assentiar
711 1977 998 2036 Hertlinio
1062 1982 1159 2054 qui
1224 1975 1594 2057 (Fleckeisen
1661 1981 1816 2037 Ann.
1864 1979 1998 2040 Vol.
2062 1978 2142 2042 95
2205 1972 2428 2058 (1867)
2488 1993 2545 2053 p.
2595 1970 2754 2057 538)
2802 1963 2970 2035 αότώ

376 2088 515 2141 ante
559 2074 676 2142 καὶ·
694 2080 1063 2143 intercidisse
1092 2089 1292 2158 putat3
1338 2096 1476 2140 num
1527 2070 1690 2143 αὖτιό
1736 2090 1794 2142 et
1842 2070 2030 2143 ἄλλον
2079 2084 2226 2140 inter
2268 2099 2334 2140 se
2379 2087 2697 2158 potuerunt
2728 2082 2967 2158 opponi,

372 2187 423 2246 si
469 2185 642 2245 Plato
686 2179 894 2245 ἔπειτα
935 2175 1040 2264 τὴν
1088 2179 1147 2246 ἐν
1193 2186 1315 2254 τοῖς
1360 2180 1762 2266 δικαστηρίοις
1806 2170 2008 2267 μάχην
2043 2178 2344 2265 κρατίστω
2390 2178 2492 2244 καὶ
2537 2170 2703 2244 αότω
2752 2171 2972 2261 α’γωνί-

381 2287 607 2351 σασθαι
648 2285 751 2350 καὶ
796 2277 982 2351 ἄλλον
1029 2277 1262 2358 διδάξαι
1304 2293 1653 2369 scripsisset.
1744 2291 1912 2352 Haec
1958 2289 2334 2352 considerans
2381 2293 2443 2348 ut
2488 2287 2621 2348 aliis
2668 2284 2974 2366 permultis

371 2393 516 2454 locis
561 2396 644 2453 ita
688 2392 782 2454 hic
826 2410 1061 2472 quoque
1093 2384 1204 2455 ’καὶ
1249 2394 1664 2473 interpolatum
1712 2413 1958 2474 censeo,
2005 2409 2120 2473 quo
2167 2392 2357 2453 deleto
2402 2387 2570 2454 locus
2617 2395 2725 2453 erit
2770 2411 2968 2455 sanus.

371 2500 446 2561 cf.
495 2500 675 2574 Gorg.
727 2501 848 2560 449
896 2500 974 2563 D.
1033 2486 1357 2581 ῥητορικῆς
1415 2492 1529 2581 γὰρ
1579 2490 1703 2584 φῇς
1748 2492 2083 2581 ἐπιστήμων
2127 2493 2346 2580 τέχνης
2390 2491 2541 2559 εἷναι
2582 2490 2689 2558 καὶ
2729 2498 2974 2579 ποιῆσαι

372 2589 450 2662 ἄν
491 2595 598 2662 καὶ
643 2591 829 2683 ἄλλον
873 2593 1126 2685 ῥήτορα.
1198 2605 1451 2669 Phaedr.
1501 2607 1627 2665 270
1675 2607 1743 2664 B.
1789 2599 1894 2665 καὶ
1937 2592 2325 2684 ἐπιστάμενος
2371 2590 2527 2664 advo}
2574 2589 2729 2671 α’ξιοῖ
2767 2593 2976 2685 ἷατρός

370 2700 523 2770 εἶναι
561 2701 670 2770 καὶ
714 2698 899 2771 ἄλλον
944 2711 1128 2772 ποιεῖν
1173 2699 1235 2800 qi
1280 2697 1355 2771 οἳν
1399 2702 1508 2792 τήν
1555 2696 1787 2772 τούτων
1835 2698 2156 2791 ἐπιστήμην
2198 2705 2488 2790 παραδῶ.
2565 2709 2738 2772 Dem.
2774 2711 2876 2769 34.
2915 2711 2970 2769 l.

370 2805 656 2896 οόδεμίαν
716 2802 968 2877 πώποτε
1030 2810 1203 2898 δίκην
1265 2804 1420 2896 πρὸς
1465 2808 1620 2896 ὖμᾶς
1661 2805 1932 2896 ἤλθομεν
1974 2805 2113 2876 οὔτ’
2156 2810 2552 2895 ἐγκαλοῦντες
2599 2801 2737 2874 οὔτ’
2779 2808 2971 2894 ἐγκα-

368 2905 649 3000 λούμενοι
679 2903 778 3000 dep?
805 2914 1049 3002 ἑτέρων.
1124 2921 1351 2981 Theaet
1379 2922 1499 2981 149
1527 2921 1601 2983 A.
1649 2908 2045 3001 ἀπορώτατός
2074 2913 2189 2999 εἰμι
2219 2912 2324 2980 καὶ
2351 2917 2518 2979 ποιιιῖ
2542 2908 2687 2986 τούς
2719 2905 2966 2998 α’νθριιῖ-

370 3040 519 3092 πους
564 3013 836 3104 ἀπορεῖν.
923 3025 1107 3086 Lach.
1152 3043 1209 3103 p.
1251 3026 1370 3086 186
1420 3025 1484 3088 Ο.
1530 3018 1637 3088 καὶ
1677 3018 1796 3106 γὰρ
1840 3008 2141 3105 χρήμασιν
2188 3017 2340 3103 ἐμοῦ
2385 3008 2789 3102 δυνατώτεροι
2834 3011 2965 3081 ὥσ-

373 3145 438 3187 τε
478 3129 687 3209 μαθεῖν
735 3118 877 3209 παρ’
920 3120 1124 3191 ἄλλων
1165 3122 1274 3190 καὶ
1319 3118 1448 3209 ἅμα
1489 3112 1890 3210 πρεσβυτεροι
1935 3117 2096 3188 ὥστε
2140 3118 2263 3208 ἤδη
2309 3118 2646 3208 εὗρηκέναι.

541 3267 599 3328 p.
646 3252 771 3311 305
820 3251 883 3312 Ο.
943 3238 1091 3311 ου’δὲ
1146 3242 1312 3329 οἶμαι
1367 3237 1621 3310 πώποτ’
1677 3239 1855 3311 αὸτὸν
1917 3243 2015 3311 ἐπὶ
2076 3234 2458 3332 δικαστήριον
2506 3237 2968 3329 ἀναβεβηκέναι,

369 3343 503 3418 ἀλλ’
563 3347 789 3416 ἐπαΐειν
851 3344 1030 3416 αότόν
1077 3371 1225 3436 φασι
1265 3348 1403 3435 περὶ
1460 3354 1571 3414 τοῦ
1611 3341 1964 3435 πράγματος
2005 3348 2078 3433 νὴ
2123 3344 2225 3413 τὸν
2270 3346 2385 3414 Δία
2429 3346 2534 3414 καὶ
2579 3343 2767 3413 δεινόν
2815 3344 2971 3413 εἶναι

299 3455 306 3462 ’
364 3454 470 3520 καὶ
514 3446 1006 3539 δεινοόςλόγους
1049 3454 1397 3521 συντιθέναι.
1445 3459 1691 3540 *Verba
1733 3451 1839 3520 καὶ
1882 3449 2072 3519 δεινὸν
2117 3447 2270 3518 εἷναι
2312 3457 2563 3519 molesta
2607 3467 2780 3536 sunt3
2827 3477 2965 3518 nam

368 3565 447 3622 ad
493 3556 721 3625 ἐπαΐειν
766 3565 951 3625 relata
996 3582 1472 3642 supervacanea,
1537 3582 1644 3642 per
1701 3581 1768 3623 se
1829 3570 2069 3640 accepta
2128 3580 2339 3622 manca
2397 3571 2552 3626 sunt.
2643 3561 2807 3641 Quas
2854 3553 2967 3623 dis·

367 3668 667 3729 ficnltates
713 3670 992 3750 (wimbis,
1039 3672 1089 3729 si
1133 3664 1238 3730 καὶ
1282 3677 1422 3729 ante
1469 3659 1660 3731 δεινόν
1709 3666 2013 3731 deleveris.

539 3810 600 3869 p.
646 3796 767 3851 277
807 3793 870 3852 O.
919 3779 1182 3872 Πότερον
1230 3777 1342 3853 miv
1385 3784 1529 3853 εἰσὶν
1578 3786 1634 3853 οἱ
1675 3780 2081 3873 λαμβάνοντες
2125 3773 2320 3850 ὅτιοΰν
2369 3784 2426 3849 οἱ
2467 3784 2713 3868 ἔχοντες
2755 3778 2878 3871 ἤδη
2923 3778 2972 3871 ἢ

368 3889 433 3958 οἳ
473 3883 570 3957 ἄν’
596 3883 707 3977 μής
755 3888 839 3957 Οἳ
863 3883 941 3956 ἄν
969 3888 1322 3977 μὴ’ἕχωσιν.
1410 3896 1511 3957 Sic
1555 3898 1882 3957 enuntiatio
1928 3912 2045 3955 non
2090 3903 2288 3972 potest
2332 3900 2527 3970 stare3
2572 3912 2708 3953 nam
2755 3896 2963 3954 mirum

373 4002 532 4078 quod
591 3995 810 4078 ἔχωσιν
872 4004 933 4061 in
990 4002 1452 4076 interrogatione
1511 3999 1907 4079 supplendum
1965 3996 2028 4058 in
2090 4000 2475 4075 responsione
2533 4000 2793 4076 positum
2855 4003 2961 4058 est.

369 4104 573 4166 Falior
633 4115 736 4164 aut
784 4105 956 4166 Plato
1014 4108 1245 4183 scripsit
1290 4107 1468 4165 etiam
1511 4107 1570 4164 in
1618 4106 1999 4182 responsione
2044 4095 2109 4163 οἳ
2149 4090 2223 4163 ἂν
2271 4088 2377 4183 μή.
2488 4102 2707 4162 Manus
2765 4102 2959 4161 aliena

370 4211 596 4269 infersit
638 4204 878 4287 ἔχωσιν.

509 4309 601 4408 ¹p.
651 4323 776 4392 299
824 4333 896 4392 A.
945 4319 1076 4393 ἄλλ’
1119 4316 1167 4410 ἦ
1188 4324 1328 4392 ’που
1377 4316 1435 4391 ὦ
1478 4315 1827 4411 Ειῗθόδημε,
1871 4325 1991 4411 ἔφη
2039 4322 2077 4391 ὅ
2117 4316 2490 4414 Κτήσιππος,
2536 4314 2709 4391 πόλλ’
2756 4317 2962 4408 ἁγαθοὶ

367 4425 486 4498 οἷπό
517 4437 623 4517 τῆς
666 4420 963 4517 ἅμετὲρας
989 4429 1222 4515 σοφίας
1264 4423 1488 4516 ταότης
1534 4423 2033 4499 οἷπολὲλαυκενὸ
2074 4425 2276 4517 πατὴρ
2326 4420 2364 4496 ὅ
2409 4420 2701 4517 ἅμέτερός
2745 4452 2811 4495 τε
2853 4427 2960 4495 καὶ

366 4524 402 4601 ὅ
460 4539 583 4601 τῶν
641 4534 942 4602 κυνιδίων.
1043 4541 1198 4601 Ante
1244 4524 1279 4600 ὅ
1325 4528 1669 4622 Κτήσιππος
1725 4543 1785 4601 in
1833 4542 2103 4602 omnibus
2148 4542 2335 4620 pitcne
2380 4541 2542 4602 libris
2586 4533 2708 4621 ἔφη
2755 4539 2961 4600 deesse

366 4652 657 4705 testantur
715 4647 1095 4724 interpretes;
1163 4644 1233 4705 de
1278 4643 1594 4705 Glarkisno
1641 4651 1857 4708 tacent.
1945 4646 2061 4707 Sed
2109 4648 2158 4707 is
2205 4660 2439 4725 quoque
2485 4641 2630 4704 liber
2672 4638 2794 4726 ἔφη
2840 4661 2958 4706 non

454 4760 486 4803 8
498 4771 522 4802 c
532 4760 560 4803 h
575 4772 638 4803 an
649 4772 671 4803 z
684 4790 696 4814 ,
723 4760 872 4804 Novae
899 4760 1304 4805 commentatione·
1330 4759 1611 4803 Platonicae.
2512 4762 2545 4822 5
