3509 5375
2845 479 2964 540 151

381 659 581 715 tamen
611 654 787 717 etiam
818 652 933 714 hoe
975 655 1221 731 eogitari
1267 659 1462 732 potest
1504 645 1608 714 καὶ
1648 650 1860 715 λυπῶν
1904 671 2085 731 supra
2129 652 2548 731 interpolatum
2594 668 2844 729 eamque
2888 652 2975 713 in-

381 757 825 836 terpolationem
883 758 1130 818 alteram
1194 776 1325 819 esse
1385 762 1711 821 insecutam
1773 759 1848 819 cf.
1896 760 1975 818 69
2023 758 2093 817 Β.
2153 751 2258 819 καὶ
2311 747 2816 837 προσγιγνομένων
2874 747 2981 816 καὶ

382 849 853 942 ἀπογιγνομένων
883 855 990 924 καὶ
1015 847 1254 944 ἧδονῶν
1285 857 1386 924 καὶ
1416 849 1625 943 φόβων
1667 854 1775 924 καὶ
1816 863 1938 923 τῶν
1982 853 2188 924 ἄλλων
2230 848 2471 923 πάντων
2512 859 2627 921 τῶν
2671 840 2977 923 τοιοότων.

552 1000 947 1079 'I'ubingensis
992 1018 1170 1080 quam
1216 1004 1361 1064 mire
1406 1021 1539 1063 eum
1583 1003 1614 1062 I
1656 1020 1836 1063 manu
1885 1002 2185 1064 Clarkiani
2230 1002 2615 1077 consentiret,
2659 1015 2843 1075 supra
2885 1001 2975 1057 vi-

385 1104 608 1181 dimus3
675 1123 813 1164 nam
871 1107 932 1165 in
988 1106 1257 1166 omnibus
1315 1102 1462 1168 loeis
1514 1106 1739 1168 nullam
1806 1106 2120 1167 habuimus
2180 1105 2667 1182 discrepantiam3
2756 1109 2978 1162 restant

383 1211 556 1285 pauci
600 1209 750 1285 loci,
813 1209 911 1269 ubi
957 1210 1045 1271 01.
1092 1218 1150 1271 et
1192 1211 1348 1275 Tub.
1393 1229 1515 1272 non
1559 1214 1712 1273 inter
1756 1229 1823 1272 se
1871 1212 2278 1273 consentiunt:
2336 1210 2420 1270 84
2464 1208 2539 1271 A.
2586 1195 2755 1268 οὕτω
2798 1200 2975 1282 λογί-

384 1299 534 1371 σαιτ’
594 1294 666 1373 ἃν
724 1303 892 1394 ψυχὴ
954 1303 1176 1395 ἄνδρός
1220 1304 1553 1396 φιλοσόφου
1598 1308 1702 1377 καὶ
1748 1304 1863 1376 οὔκ
1909 1301 1984 1376 ἄν
2031 1307 2264 1396 οἰηθείη
2308 1306 2414 1393 τὴν
2459 1306 2568 1391 μὲν
2613 1304 2976 1391 φιλοσοφίαν

381 1415 600 1494 χρῆναι
654 1407 874 1497 ἑαυτὴν
932 1408 1090 1480 λόειν
1107 1462 1126 1495 ,
1186 1406 1450 1499 λυοόσης
1493 1413 1564 1480 δὲ
1609 1412 1843 1500 ἐκείνης
1888 1406 2078 1497 αὸτήν
2119 1407 2525 1498 παραδιδόναι
2563 1417 2695 1485 ταῖς
2736 1406 2979 1497 ἡδοναῖς

378 1512 481 1580 καὶ
523 1508 734 1591 λόπαις
776 1513 997 1603 ὁαυτὴν
1024 1510 1217 1586 ,πάλιν
1262 1510 1349 1586 αὖ
1385 1518 1734 1603 ἐγκαταδεῖν
1778 1518 1885 1586 καὶ
1932 1509 2224 1605 ἀνήνυτον
2265 1518 2441 1606 ἔργον
2482 1505 2757 1600 πράττειν
2786 1517 2974 1601 Πηνε·

378 1611 573 1704 λόπης
613 1614 742 1686 τινὰ
784 1618 1068 1695 ἐναντίως
1107 1618 1271 1689 ἱστὰν
1300 1623 1860 1709 μεταχειριζομένην
1883 1624 1951 1709 ¹),
2000 1617 2158 1689 ἀλλὰ
2191 1614 2454 1708 γαλήνην
2482 1611 2712 1687 τούτων
2738 1641 2976 1705 παρασ-

380 1715 748 1806 modenana,
777 1722 1037 1811 ἑπομένη
1068 1732 1164 1815 τῷ
1202 1731 1469 1821 λογισμῷ
1510 1726 1616 1794 καὶ
1660 1721 1762 1793 ἀεὶ
1802 1726 1865 1793 ἒν
1906 1716 2103 1819 τούτῳ
2149 1715 2338 1804 οὖσα,
2381 1720 2450 1790 τὸ
2494 1717 2725 1809 ἀληθὲς
2765 1722 2867 1789 καὶ
2907 1718 2976 1788 τὸ

378 1830 544 1893 θεῖον
583 1824 688 1893 καὶ
729 1824 800 1893 τὰ
846 1818 1184 1904 οῗδόξαστον
1229 1828 1507 1919 θεωμένη
1553 1830 1658 1898 καὶ
1703 1820 1801 1897 ὄπ’
1846 1830 2082 1897 ἐκείνου
2125 1826 2465 1916 τρεφομένη
2525 1829 2636 1914 ζῆν
2679 1850 2747 1892 τε
2791 1825 2979 1893 οἴεται

382 1924 545 1995 οὕτω
588 1932 731 1997 δεῖν.
819 1938 971 2000 'P-ub.
1014 1923 1276 2021 γαλήνην
1320 1928 1557 2004 τούτου.
1622 1938 1711 2005 01.
1765 1924 2020 2001 zozimi).
2123 1939 2243 2001 Res
2301 1936 2557 1997 difficilis
2613 1935 2971 2014 diiudicatu3

381 2041 481 2116 qui
523 2026 752 2101 τούτων
793 2044 1168 2120 seripserunt,
1211 2025 1455 2123 ἧδονῶν
1497 2038 1603 2105 καὶ
1644 2043 1854 2109 λυπῶν
1900 2043 2162 2119 intellegi
2195 2042 2435 2119 volunt3
2480 2040 2585 2101 sed
2629 2057 2764 2101 eum
2786 2039 2973 2101 Heiu-

381 2143 563 2203 dorfio
623 2152 768 2222 puto
826 2162 1148 2222 pronomen
1210 2149 1288 2209 ad
1346 2150 1685 2209 nniversam
1740 2157 2142 2225 antegressam
2185 2148 2658 2207 enuntiationem
2707 2151 2975 2222 spectare

376 2248 761 2326 praestitoque
827 2250 1135 2321 lectionem
1192 2252 1584 2331 Tubingensis
1651 2240 1885 2314 τούτου.
2007 2252 2140 2314 Hoc
2206 2267 2531 2328 pronomen
2594 2249 2773 2328 plane
2838 2268 2973 2310 sen·

375 2355 595 2413 tentiae
643 2357 1002 2415 conveniens
1047 2361 1170 2434 est3
1236 2375 1375 2417 nam
1434 2376 1591 2418 nune
1636 2359 1846 2418 iterum
1891 2358 2217 2433 cogitatur,
2279 2356 2541 2415 animam
2599 2371 2720 2414 non
2768 2350 2975 2414 debere

375 2473 441 2516 se
486 2455 828 2517 libidinibus
874 2458 1104 2519 tradere
1149 2467 1328 2539 atque
1356 2461 1699 2540 Penelopae
1744 2480 1908 2523 more
1952 2459 2370 2540 philosophiae
2417 2477 2567 2536 opus
2609 2458 2841 2518 irritum
2885 2458 2973 2517 fa·

366 2574 518 2624 cere.
549 2594 634 2607 —-
682 2565 761 2623 96
788 2564 859 2623 Β.
905 2549 1004 2644 ἆρ’
1047 2555 1289 2626 ἐπειδᾶν
1332 2557 1401 2627 ‘cd
1447 2557 1673 2647 θερμὸν
1718 2559 1826 2629 καὶ
1866 2557 1936 2627 ‘cd
1981 2554 2215 2648 ψυχρὸν
2262 2547 2571 2646 σηπεδόνα
2615 2553 2743 2623 τινὰ
2787 2544 2967 2645 λάβῃ,

365 2653 501 2728 τότε
545 2656 621 2749 δὴ
665 2656 742 2728 τοὶ
786 2666 923 2741 ζῶα
965 2664 1366 2751 ξυντρέφεται.
1457 2673 1584 2736 Art.
1629 2661 1699 2733 τό
1746 2677 1888 2733 ante
1933 2660 2168 2754 ψυχρᾶν
2217 2688 2295 2731 ω.
2341 2688 2399 2733 a.
2443 2672 2506 2729 in
2530 2666 2620 2733 01.
2661 2665 2966 2745 supplevit

370 2789 548 2848 supra
603 2790 861 2833 versum.
966 2775 1121 2838 Tub.
1180 2766 1251 2838 τὸ
1300 2763 1524 2858 θερμόν
1542 2795 1558 2811 ·
1614 2767 1690 2837 το*
1749 2764 2000 2858 ψυχρόν.
2088 2773 2433 2852 Legendum
2477 2763 2547 2834 τὰ
2592 2763 2821 2854 θερμὸν
2865 2765 2972 2834 καὶ

372 2858 607 2956 ψυχρόν
648 2877 724 2938 cf.
766 2895 827 2955 p.
875 2879 1017 2941 121.
1103 2880 1177 2938 cf.
1220 2880 1372 2940 infra
1413 2898 1474 2957 p.
1525 2882 1670 2941 163.

543 3015 727 3076 Pauci
770 3015 887 3080 loei
928 3024 1282 3098 supersunt,
1327 3036 1476 3096 quos
1522 3037 1656 3081 cum
1699 3036 1880 3097 supra
1925 3020 2001 3081 ob
2047 3020 2307 3098 aliquam
2353 3034 2595 3081 eausam
2636 3018 2971 3094 reposueri-

370 3135 500 3179 mus
571 3119 666 3179 vel
741 3113 910 3180 obliti
983 3123 1203 3201 simus,
1284 3139 1443 3185 nune
1523 3128 1826 3185 tractaturi
1897 3141 2136 3188 sumus:
2222 3125 2304 3185 58
2352 3124 2419 3185 E.
2484 3110 2788 3202 εόδαίμων
2851 3105 2970 3200 γάρ

369 3241 471 3302 μοι
535 3211 686 3305 ἀνήρ
744 3217 1020 3304 ἐφαίνετο
1092 3219 1193 3287 καὶ
1248 3227 1366 3287 τοῦ
1424 3212 1651 3309 τρόπου
1714 3220 1824 3291 καὶ
1887 3229 2008 3289 τῶν
2068 3215 2284 3308 λόγων.
2399 3228 2624 3287 Beatus
2689 3228 2780 3284 vir
2840 3242 2969 3285 esse

370 3327 680 3389 videbatur
751 3328 829 3390 ob
897 3347 970 3390 ea
1032 3348 1190 3408 quae
1254 3340 1392 3394 ante
1457 3340 1703 3394 mortem
1772 3334 1907 3394 feeit
1974 3339 2033 3394 et
2101 3332 2264 3393 dixit.
2329 3333 2390 3391 in
2450 3331 2534 3394 01.
2591 3328 2744 3389 Tub.
2803 3337 2969 3390 extat

343 3427 473 3516 kl(
501 3428 610 3516 m.)
683 3433 797 3494 τοῦ
869 3421 1078 3515 λόγου.
1176 3435 1402 3497 Vitium
1481 3437 1940 3498 assimilationis.
1989 3469 2066 3483 —·
2138 3440 2216 3498 67
2263 3437 2341 3498 D.
2390 3424 2613 3496 οᾶκοιῖν
2670 3422 2855 3496 τοῦτο’
2897 3452 2971 3514 γε

368 3522 634 3608 θάνατος
692 3527 1078 3619 ὀνομάζεται,
1145 3529 1313 3611 λόσις
1364 3534 1471 3604 καὶ
1524 3534 1834 3622 χωρισμὸς
1878 3543 2079 3625 ψυχῆς
2123 3532 2239 3604 οἷπό
2284 3527 2583 3620 σώματος.
2673 3539 2825 3600 Tub.
2875 3538 2964 3600 01.

369 3640 561 3721 ψυχῆς
601 3645 661 3701 in
710 3660 831 3721 mg.
912 3645 1044 3705 Non
1092 3643 1298 3706 deesse
1342 3653 1559 3724 potest.
1647 3646 1955 3709 Habemus
2001 3650 2180 3724 igitur
2222 3647 2318 3708 hic
2360 3648 2568 3706 vitium
2630 3647 2756 3705 eius
2805 3642 2967 3704 eodi-

370 3747 471 3822 eis‚
517 3747 669 3808 unde
721 3748 810 3809 01.
857 3756 916 3810 et
959 3748 1217 3826 Tubing.
1265 3748 1509 3811 derivati
1552 3759 1710 3811 sunt.
1756 3783 1843 3795 —
1890 3753 1970 3812 68
1996 3753 2066 3812 Β.
2112 3738 2354 3832 σφόδρα
2397 3739 2515 3829 γὰρ
2562 3736 2733 3838 αιῗτῶ
2775 3748 2965 3808 ταῦτα

368 3837 553 3923 δόξει,
600 3848 883 3932 μηδαμοῦ
925 3842 1150 3916 ἄλλοθι
1192 3852 1488 3935 καθαρῶς
1518 3840 1899 3948 ἐντεύξεσθαι
1929 3842 2216 3937 φρονήσει
2247 3843 2379 3916 ἄλλ’
2420 3840 2468 3934 ἢ
2511 3846 2654 3914 ἐκεῖ.
2741 3852 2812 3912 In
2844 3870 2965 3927 mg.

371 3952 455 4015 01.
486 3970 696 4013 manus
734 3954 982 4016 fortasse
1021 3961 1245 4035 prima:
1286 3975 1378 4039 γρ.
1421 3949 1644 4023 ἄλλοθι
1691 3942 1942 4021 δυνατὸν
1987 3951 2140 4020 εἶναι
2178 3957 2490 4038 καθαρῶς.
2567 3955 2777 4019 Nullus
2818 3955 2965 4015 liber

369 4055 524 4116 hane
554 4059 898 4118 varietatem
938 4061 1243 4122 confirmat
1286 4063 1754 4142 interpolationis
1784 4063 2159 4127 simillimam.
2203 4098 2290 4111 —
2336 4066 2371 4122 7
2381 4065 2419 4122 4
2442 4062 2514 4122 B.
2557 4048 2602 4143 ἧ
2648 4052 2752 4121 καὶ
2797 4053 2964 4120 ἐπισ-

368 4144 605 4240 τάμεθα
650 4148 795 4221 ader}
838 4149 884 4222 ὃ
921 4157 1096 4227 ἔστιν.
1171 4166 1346 4245 Supr.
1392 4161 1545 4228 ἐστιν
1589 4171 1650 4228 in
1682 4168 1768 4234 01.
1814 4162 1968 4230 ἴσον.
2015 4185 2129 4229 om.
2159 4167 2314 4229 Tub.
2401 4164 2668 4227 Verbum
2723 4165 2964 4224 minime

365 4266 758 4326 necessarium
818 4275 941 4344 est3
1004 4285 1143 4329 nam
1185 4271 1477 4332 antecedit
1520 4267 1717 4353 φαμέν
1763 4259 1886 4333 ποιί
1927 4291 1980 4334 τι
2024 4266 2174 4334 εἶναι
2214 4265 2349 4333 ἴσον
2366 4314 2385 4345 ,
2445 4258 2520 4331 οό
2575 4256 2753 4338 Εόλον
2797 4262 2958 4348 λέγω

365 4355 530 4457 ξόλῳ
573 4356 720 4431 οόδὲ
762 4364 938 4434 λίθον
986 4367 1139 4461 λίθῳ
1192 4363 1324 4436 οόδ’
1383 4364 1542 4444 ἄλλο
1595 4375 1715 4441 τῶν
1758 4362 2044 4442 τοιοότων
2091 4364 2292 4458 ου’δέν,
2355 4364 2516 4438 α’λλδι
2558 4365 2728 4459 παρὰ
2770 4372 2964 4440 ταῦτα

1077 4515 1095 4561 Ι

510 4640 559 4716 ¹)
594 4641 687 4698 δίο
718 4643 1020 4715 legendum.
