3509 5375
2850 515 2973 574 119

546 822 876 901 Euthyphr.
911 825 948 883 9
980 825 1049 886 Ε.
1099 812 1232 886 ἀλλ’
1273 820 1466 903 ἔγωγε
1508 819 1693 906 φαίην
1741 812 1817 885 ἄν
1865 823 2045 885 τοῦτο
2090 817 2242 886 εἶναι
2284 813 2353 885 τὸ
2400 813 2568 886 ὅσιον
2616 811 2654 884 ὃ
2698 811 2774 885 ἄν
2818 807 2974 886 πάν-

371 944 471 995 τες
514 921 570 988 οἱ
613 921 748 989 θεοὶ
793 926 1039 1006 φιλῶσιν
1071 926 1190 1007 (sic
1219 926 1339 1006 01.)
1382 922 1490 989 καὶ
1531 919 1599 988 τὸ
1646 921 1913 990 ἐναντίον
1962 916 2002 988 ὅ
2045 912 2114 990 ἄν
2159 915 2377 997 πάντες
2422 923 2481 989 οἱ
2522 924 2661 991 θεοὶ
2702 929 2972 1009 μισῶσιν,

372 1016 629 1105 οἷνύσιον,
721 1031 807 1092 01.
854 1020 895 1093 ὅ
939 1019 1015 1094 ἂν
1059 1019 1276 1102 πάντες
1318 1025 1457 1093 θεοὶ
1500 1031 1766 1112 μισῶσιν.
1853 1029 2272 1095 Reducendum
2303 1032 2568 1112 videtur;
2630 1051 2769 1094 nam
2812 1033 2971 1112 quod

377 1136 688 1197 antecessit
715 1122 934 1205 πάντες
977 1131 1034 1197 οἱ
1075 1132 1228 1214 θεοί,
1273 1136 1419 1196 nihil
1461 1135 1725 1214 impedit,
1772 1143 2085 1215 quominus
2131 1137 2443 1200 lectionem
2476 1137 2566 1201 01.
2610 1140 2963 1216 recipiamus

374 1240 447 1301 cf.
495 1241 530 1301 9
578 1239 654 1304 D.
711 1226 930 1311 πάντες
996 1229 1151 1302 αύτδ
1214 1223 1597 1321 ἡγείσθωσαν
1660 1236 1801 1303 θεοὶ
1866 1231 2076 1305 ἄδικον
2120 1238 2225 1304 καὶ
2265 1229 2486 1311 πάντες
2526 1229 2855 1324 μισούντων
2912 1248 2972 1302 et

374 1362 514 1405 mox
557 1331 598 1403 ὅ
640 1339 746 1424 μὲν
797 1335 870 1406 ἂν
913 1332 1130 1414 πάντες
1171 1339 1230 1405 οἱ
1274 1339 1414 1407 θεοὶ
1458 1345 1724 1425 μισῶσιν.

546 1465 788 1542 Protag.
836 1466 959 1527 358
1006 1466 1076 1525 D.
1147 1460 1223 1525 Τί
1280 1451 1421 1544 οὖν,
1494 1461 1650 1547 ἔφην
1713 1453 1865 1546 ἐγώ,
1939 1461 2184 1528 καλεῖτέ
2257 1485 2313 1527 τι
2381 1461 2520 1536 δέος
2577 1461 2683 1528 καὶ
2743 1457 2972 1547 φόβον,

376 1568 691 1631 Kroechel:
747 1570 941 1648 „Libri
983 1570 1226 1632 καλεῖτε
1268 1566 1428 1649 δέος,
1471 1571 1575 1631 sed
1619 1589 1674 1631 τι
1719 1571 1791 1632 de
1821 1575 2160 1632 coniectura
2188 1570 2498 1632 Heindorfi
2528 1571 2757 1632 addunt
2786 1571 2975 1633 edito-

373 1690 466 1733 res
509 1681 647 1751 post
692 1675 1020 1736 Bekkerum
1066 1674 1328 1735 cumea.⁴¹
1424 1675 1504 1736 At
1549 1675 1770 1753 Gratyl.
1802 1678 1927 1736 399
1952 1676 2028 1738 D.
2075 1665 2275 1758 ψυχὴν
2318 1661 2433 1756 γάρ
2478 1691 2597 1736 που
2641 1669 2745 1737 καὶ
2787 1677 2975 1757 σῶμα

371 1775 674 1858 καλοῦμεν
737 1780 849 1839 τοῦ
908 1765 1265 1858 ἀνθρώπου,
1354 1778 1456 1839 ubi
1514 1778 1729 1842 Staub.
1777 1796 2088 1857 perperam
2131 1798 2187 1839 τι
2227 1780 2469 1843 invexit.
2561 1778 2813 1840 Omnem
2861 1780 2975 1840 du-

378 1880 723 1943 bitationem
767 1883 935 1944 nobis
1010 1885 1211 1943 eximit
1257 1883 1446 1947 Alcib.
1491 1884 1555 1943 II
1606 1885 1727 1944 145
1781 1884 1854 1946 A.
1923 1882 2131 1953 καλεῖς
2194 1874 2314 1965 γᾶρ
2375 1869 2573 1964 δήπου
2641 1877 2977 1964 φρονίμους

377 2000 445 2043 τε
507 1980 614 2047 καὶ
681 1975 992 2067 ἄφροναςς

551 2107 771 2185 Cratyl.
813 2107 934 2168 383
986 2109 1058 2171 A.
1126 2094 1335 2185 βούλει
1388 2093 1498 2168 οὖν
1558 2098 1664 2169 καὶ
1716 2094 2029 2187 Σωκράτει
2091 2105 2258 2192 τῶδε
2320 2096 2810 2189 ἄνακοινιύσομεν
2869 2102 2974 2171 τόν

375 2200 588 2289 λόγον;
635 2211 721 2275 Gi.
753 2210 930 2272 habet
958 2198 1535 2291 ἀνακοινωσώμεθα,
1583 2229 1701 2273 non
1735 2197 2225 2293 α’νακοινιύσόμεν
2265 2211 2423 2290 quod
2454 2213 2802 2290 interpretes
2848 2216 2976 2292 qui·

381 2314 514 2376 dam
554 2318 774 2395 opinari
812 2316 1104 2380 videntur.
1167 2318 1430 2377 Medium
1466 2335 1586 2377 non
1629 2325 1718 2378 eet
1754 2318 2147 2396 turbandum3
2191 2336 2331 2378 nam
2365 2305 2839 2379 ἀνακοινοῦσθαί
2871 2314 2981 2379 τινί

373 2438 426 2480 τι
468 2428 556 2481 est
601 2422 904 2487 consulere
963 2422 1222 2500 aliquem
1283 2422 1356 2482 de
1400 2422 1604 2499 aliqua
1658 2440 1721 2481 re
1780 2423 1856 2485 cs.
1901 2421 2005 2482 Kr.
2055 2423 2171 2496 52,
2216 2417 2288 2500 ’8,
2337 2423 2397 2483 8.
2483 2419 2670 2483 Lach.
2720 2422 2843 2482 180
2887 2424 2964 2487 A.

369 2516 538 2587 ταῦτ’
582 2520 729 2588 ἐστὶν
776 2514 823 2586 ἂ
865 2512 1253 2607 ἐβουλόμεθα
1300 2511 1434 2607 ύμῖν
1481 2515 2028 2590 α’νακοινῶσασθαι.

543 2647 677 2714 ibid.
725 2650 848 2710 387
875 2647 947 2713 A.
997 2639 1101 2711 ἐάν
1150 2667 1203 2711 τι
1247 2637 1719 2731 ἐπιχειρήσωμεν
1765 2633 1940 2731 ἡμεῖς
1983 2648 2103 2711 τῶν
2152 2638 2342 2711 ὄντων
2387 2643 2649 2731 τέμνειν,
2706 2637 2963 2731 πότερον

368 2738 508 2834 ἡμῖν
562 2747 811 2834 τμητέον
871 2748 1126 2816 ἕκαστον
1188 2738 1275 2824 ῶς
1346 2742 1421 2816 ἂν
1479 2739 1654 2834 ἡμεῖς
1713 2738 2084 2834 βουλώμεθα
2135 2748 2242 2815 καὶ
2298 2741 2359 2844 ᾧ
2417 2744 2498 2815 ἂν
2558 2752 2964 2835 βουληθῶμεν

371 2875 425 2916 κ.
473 2876 524 2918 τ.
567 2855 622 2917 λ.
713 2857 800 2917 cl.
846 2852 1097 2938 τμητέον
1143 2852 1323 2921 ἐστίν.
1411 2858 1578 2917 Idem
1641 2857 1792 2918 liber
1855 2849 2009 2918 ἐστὶν
2071 2861 2387 2936 interponit
2430 2865 2568 2934 poet
2610 2857 2965 2919 adiectivum

371 2958 610 3022 verbale
654 2978 710 3037 p.
761 2962 884 3021 387
929 2960 1008 3023 D.
1071 2948 1292 3021 ου’κοδν
1354 2954 1459 3022 καὶ
1517 2949 1887 3041 ὀνομαστέον
1934 2954 2092 3021 ἐστίν
2135 2949 2190 3043 ᾖ
2231 2954 2469 3041 πέφυκε
2511 2949 2590 3022 τοὶ
2633 2950 2961 3041 πράγματα
3071 3045 3075 3051 ¹

373 3049 683 3144 ὀνομάζειν
743 3082 809 3125 τε
867 3057 968 3127 καὶ
1028 3054 1431 3148 ὀνομάζεσθαι
1474 3058 1579 3127 καὶ
1623 3054 1686 3149 ᾤ’
1736 3083 1796 3130 κ.
1841 3085 1891 3126 τ.
1936 3064 1992 3128 λ.
2109 3065 2482 3145 Quamquam
2528 3065 2776 3126 verbum
2817 3065 2958 3126 sub-

369 3169 686 3234 stantivum
747 3167 1092 3250 plerumque
1138 3170 1303 3231 deest
1371 3170 1662 3233 adiectivo
1708 3170 1952 3249 verbali,
2018 3179 2212 3231 tamen
2256 3169 2424 3230 nulla
2468 3171 2786 3231 necessitas
2831 3172 2958 3230 eius

374 3272 674 3340 omittendi
721 3282 828 3337 eet.
910 3275 981 3334 cf.
1029 3273 1212 3351 Gorg.
1257 3275 1379 3335 523
1429 3276 1499 3338 E.

538 3394 681 3459 ibid.
740 3396 864 3455 405
914 3396 987 3461 A.
1042 3396 1282 3476 πρῶτον
1343 3392 1449 3477 μὲν
1523 3386 1639 3477 γὰρ
1716 3382 1761 3478 ἧ
1820 3381 2115 3478 κάθαρσις
2185 3391 2292 3459 καὶ
2366 3391 2426 3459 οἱ
2491 3388 2803 3476 καθαρμοὶ
2859 3388 2968 3458 καὶ

367 3489 523 3566 κατὰ
575 3489 682 3580 τὴν
726 3490 991 3581 ἰατρικήν
1036 3493 1143 3562 καὶ
1185 3492 1341 3562 κατὰ
1385 3491 1489 3581 τὴν
1534 3493 1821 3582 μαντικὴν
1865 3494 1971 3563 καὶ
2013 3496 2077 3563 αἱ
2118 3503 2241 3573 τοῖς
2285 3495 2573 3582 ἰατρικοῖς
2615 3489 2963 3582 φαρμάκοις

370 3597 471 3670 καὶ
514 3598 578 3664 αἱ
620 3604 747 3674 τοῖς
786 3606 1091 3685 μαντικοῖς
1132 3592 1550 3686 περιθειώσεις
1591 3623 1659 3665 τε
1703 3598 1810 3667 καὶ
1856 3597 2086 3686 λουτροί
2131 3594 2209 3666 τοὶ
2255 3599 2316 3667 ἐν
2361 3605 2489 3673 τοῖς
2530 3588 2820 3675 τοιούτοις
2863 3601 2970 3668 καὶ

371 3702 433 3768 αἱ
472 3693 910 3789 περιρράνσεις,
971 3698 1170 3771 πάντα
1232 3703 1295 3769 ἕν
1349 3728 1403 3770 τι
1457 3695 1675 3771 δύναιτ’
1718 3701 1794 3770 ἂν
1840 3700 2132 3789 καθαρὸν.
2159 3703 2444 3790 παρέχειν
2488 3699 2593 3769 τὸν
2640 3699 2964 3789 ἄνθρωπον

367 3803 471 3870 καὶ
521 3803 681 3874 κατὰ
735 3804 804 3874 τὸ
861 3814 1042 3895 σῶμα
1084 3807 1190 3876 καὶ
1232 3805 1389 3875 κατὰ
1431 3805 1538 3894 τὴν
1584 3801 1783 3896 ψυχήν
1831 3860 1848 3878 .
1893 3801 1941 3895 ἢ
1983 3803 2079 3875 οὔ.
2168 3814 2579 3875 Hermannus:
2641 3834 2712 3893 „r
2732 3806 2774 3877 ὰ
2818 3823 2964 3876 ante

369 3906 664 3996 λουτρᾶ
725 3936 861 3979 cum
910 3920 1238 3982 oxoniensi
1294 3929 1350 3980 et
1406 3920 1717 3997 Stephano
1760 3918 2003 3980 abieci.“
2092 3920 2291 3981 Falso.
2341 3919 2429 3983 cl.
2475 3919 2659 3982 habet
2699 3910 2778 3981 τοὶ
2824 3929 3006 3982 ante·

371 4007 618 4101 λουτρά.
677 4021 920 4084 Revoca
966 4025 1295 4087 articulum.

543 4141 770 4206 Phileb.
820 4145 900 4204 57
947 4145 1024 4209 D.
1086 4147 1404 4228 respondet
1446 4147 1722 4209 Socrates
1789 4132 1874 4216 ῶς
1933 4139 2048 4208 εἰσὶ
2107 4135 2216 4208 δύο
2281 4136 2667 4228 α’ριθμητικαῖΙ
2706 4138 2809 4209 καὶ
2854 4133 2964 4207 δύο

365 4239 713 4329 μετρητικαὶ
753 4241 857 4307 καὶ
897 4234 1142 4319 ταύταις
1187 4240 1371 4313 ἄλλαι
1414 4236 1810 4331 σονεπύμεναι
1854 4245 2104 4330 συχναί,
2148 4242 2254 4332 τὴν
2302 4238 2668 4333 διδυμότητα
2709 4245 2964 4329 ἔχουσαι

365 4338 620 4434 ταύτην,
684 4340 979 4432 ὀνόματος
1036 4348 1105 4414 δὲ
1161 4344 1296 4425 ἑνὸς
1335 4349 1779 4436 κεκοινωμέναι.
1887 4355 2296 4417 Hermannus:
2359 4355 2629 4433 ,τοιαδ
2641 4373 2769 4417 ται
2826 4365 2967 4432 port

369 4448 606 4521 ἄλλαι
648 4459 1013 4535 optimorum
1059 4457 1352 4520 librorum
1393 4453 1510 4538 fide
1552 4478 1683 4520 ‘non
1725 4464 1927 4521 minus
1957 4477 2147 4538 quam
2175 4459 2405 4522 dudum
2450 4448 2585 4521 δύο
2630 4460 2958 4521 tollendum

370 4561 564 4627 ποτέ(
654 4562 1060 4625 Memorabilis
1105 4572 1195 4625 eet
1238 4583 1399 4627 error
1446 4564 1780 4646 Gaiafordi,
1838 4569 1939 4644 qui
1984 4565 2124 4626 dicit
2168 4565 2548 4627 Clarkianum
2593 4564 2811 4625 habere
2854 4560 2961 4628 καὶ

368 4656 476 4728 δύο
520 4662 872 4751 μετρητικαὶ
912 4655 1156 4737 ταύταις
1202 4659 1386 4733 ἄλλαι
1430 4655 1854 4751 σονεπύμεναι,
1901 4687 2262 4748 quamquam
2307 4670 2472 4736 nulla
2517 4668 2811 4730 dubitatio
2854 4687 2962 4748 po·
