3509 5375
617 469 739 555 ue

614 662 781 737 nulla
826 660 1110 721 dubitatio
1154 661 1320 721 nasci
1366 666 1578 739 potest.
1604 676 1614 689 ·
1638 693 1718 706 —
1787 650 1905 723 11⁷
1957 645 2030 722 Β.
2074 659 2348 723 librarius
2392 632 2756 724 άποσπεῖσαι
2798 650 3207 741 interpretatur

544 780 549 787 ’
613 771 673 829 in
738 784 859 844 mg.
918 763 1209 827 vocabulo
1278 752 1556 845 άποχέαι.
1667 764 1784 824 Hie
1844 782 1963 825 non
2031 767 2215 826 secuti
2275 774 2414 829 eunt
2488 766 2773 844 editores,
2850 766 2983 827 aliis
3056 764 3202 827 locis

611 879 955 950 sequuntur.

785 1027 1010 1088 Multae
1055 1025 1540 1109 interpolationes
1586 1023 1724 1085 inde
1768 1032 1946 1085 natae
1985 1034 2159 1102 sunt,
2225 1024 2381 1102 quod
2442 1027 2482 1085 ii
2542 1029 2643 1103 qui
2692 1026 2997 1102 diligenter
3043 1026 3198 1102 lege·

610 1131 773 1210 bant,
833 1131 1160 1191 locutiones
1208 1130 1303 1190 vel
1363 1128 1527 1189 locos
1583 1129 1807 1190 similes
1865 1131 2115 1204 margini
2168 1129 2610 1206 adscribebant,
2658 1130 2810 1189 uude
2868 1132 2928 1189 in
2974 1139 3196 1190 textum

608 1240 981 1314 irrepserunt.
1074 1235 1154 1294 60
1199 1234 1267 1292 Ε.
1332 1217 1807 1312 ἀφοσιούμενος,
1870 1225 1923 1293 εἶ
1982 1222 2109 1313 ἄρα
2151 1222 2443 1303 πολλάκις
2484 1220 2710 1314 ταύτην
2752 1222 2861 1314 τὴν
2904 1217 3198 1313 μουσικήν

608 1357 707 1420 μοι
752 1324 1048 1401 ἐπιτάττοι
1086 1336 1292 1398 ποιεῖν.
1384 1336 1470 1399 01.
1517 1354 1698 1415 supra
1744 1337 1846 1397 lin.
1895 1325 2022 1417 ἄρα
2068 1335 2174 1417 (m.
2222 1331 2311 1419 a.)
2356 1354 2473 1397 om.
2518 1338 2667 1400 Tub.
2760 1335 2916 1398 Sane
2961 1337 3195 1414 quidem

548 1474 557 1481 -
607 1432 733 1523 ἄρα
776 1443 911 1503 huic
954 1443 1235 1503 locutioni
1283 1441 1660 1519 adiungitur3
1707 1441 1814 1501 sed
1858 1439 1922 1499 id
1969 1444 2145 1500 etiam
2195 1457 2374 1517 posse
2421 1443 2613 1501 omitti
2660 1440 3038 1501 Heindorssus
3082 1440 3198 1500 de-

609 1550 960 1608 monstravit
1020 1545 1302 1623 exemplis
1365 1544 1597 1606 duobus
1644 1562 1716 1604 ex
1763 1545 2167 1622 Aristophane
2212 1547 2444 1604 sumtis.
2534 1546 2947 1622 Interpolatori
2993 1547 3198 1605 obver-

580 1651 851 1710 'sabatur
910 1653 986 1711 61
1042 1651 1112 1714 Α.
1173 1642 1226 1710 εἰ
1288 1638 1414 1730 ἄρα
1469 1633 1765 1717 πολλάκις
1825 1666 1927 1729 μοι
1982 1632 2344 1729 προστάττοι
2397 1637 2468 1708 τὸ
2516 1636 2780 1710 ἐνύπνιον
2826 1637 3046 1731 ταότην
3090 1639 3200 1730 τὴν

526 1814 527 1817 ,
606 1743 862 1837 δημώδη
907 1745 1195 1835 μουσικήν
1237 1754 1445 1816 ποιεῖν.
1480 1785 1559 1800 ·—-
1595 1757 1671 1813 71
1707 1755 1779 1814 B.
1823 1740 1981 1814 πάνυ
2027 1747 2133 1834 μὲν
2179 1737 2292 1815 οὖν
2332 1738 2381 1833 ἦ
2424 1742 2478 1813 δ’
2508 1743 2597 1822 ὅς.
2686 1752 2783 1814 Sic
2815 1753 3016 1814 Herm.
3061 1771 3194 1814 eum

605 1859 758 1919 Tub.
791 1858 880 1921 01.
927 1852 1006 1940 (Ι.
1035 1851 1142 1941 m.)
1184 1855 1260 1920 Π.
1318 1861 1400 1918 At
1430 1858 1619 1921 Beklr.
1652 1858 1792 1922 Tur.
1824 1858 1912 1920 St.
1959 1874 2090 1919 cum
2135 1875 2315 1917 manu
2345 1860 2563 1918 recenti
2607 1859 2887 1934 marginis
2918 1857 3007 1920 01.
3038 1843 3200 1918 πάνυ

605 1979 672 2043 γε
714 1947 762 2043 ἦ
807 1949 863 2022 δ’
891 1950 981 2032 ὅς.
1051 1961 1248 2022 Antea
1277 1960 1450 2023 Plato
1494 1965 1731 2040 saepius
1765 1962 1992 2023 dixerat
2017 1947 2177 2024 πάνυ
2206 1979 2294 2044 γε.
2340 1992 2423 2008 -
2474 1964 2552 2022 76
2593 1963 2664 2021 Α.
2708 1959 2874 2021 δυοῖν
2918 1949 3196 2042 θάτερον.

605 2067 677 2126 ln
723 2065 811 2128 01.
857 2066 1010 2127 Tub.
1067 2056 1145 2126 τοὶ
1205 2058 1402 2146 ἕτερα.
1492 2066 1563 2125 In
1609 2083 1727 2142 mg.
1774 2066 1866 2129 01.
1910 2054 2205 2148 θάτερον,
2265 2062 2326 2125 in
2370 2066 2525 2128 Tub.
2583 2080 2762 2144 supra
2819 2062 2924 2129 lin.
2967 2055 3194 2145 ἕτέρον.

607 2171 914 2232 Con-ector
944 2169 1240 2231 Clarkiani
1285 2172 1572 2248 cogitavit
1617 2169 1691 2232 de
1735 2172 1903 2247 locis,
1948 2171 2050 2232 ubi
2098 2169 2249 2232 haee
2293 2173 2476 2233 erasis
2512 2170 2991 2248 frequentissima
3018 2174 3196 2248 extat,

604 2281 894 2334 corrector
937 2273 1090 2335 Tub.
1146 2268 1226 2335 de
1275 2276 1397 2335 102
1444 2275 1522 2336 A.
1564 2277 1640 2339 el'.
1686 2292 1870 2354 supra
1912 2293 1972 2353 p.
2020 2277 2121 2339 97.
2184 2304 2265 2320 -—-
2330 2276 2415 2335 84
2458 2275 2535 2339 D.
2583 2268 2772 2355 μηδὲν
2816 2260 3198 2354 ἅποκνήσητε

602 2373 704 2438 καὶ
748 2366 921 2440 αὸτοὶ
964 2372 1144 2440 εἰπεῖν
1188 2372 1291 2440 καὶ
1334 2374 1611 2445 διελθεῖν.
1675 2379 1746 2440 In
1792 2378 1880 2441 01.
1922 2396 2106 2457 supra
2151 2373 2235 2457 ἐξ,
2279 2379 2542 2440 fortasse.
2575 2378 2733 2457 quod
2780 2379 2862 2439 58
2891 2378 2969 2438 D.
3014 2379 3199 2455 serip-

560 2498 563 2505 “
603 2490 726 2541 tum
772 2490 861 2543 est
906 2479 1238 2552 διεξελθεῖν.
1341 2483 1459 2546 Sed
1519 2491 1834 2562 utrumque
1895 2491 2097 2562 aptum
2155 2485 2230 2547 cf.
2281 2485 2361 2543 88
2397 2483 2467 2549 E.
2522 2474 2720 2544 πάντα
2775 2466 2912 2562 ἡμῖν
2971 2476 3196 2543 δίελθε.

604 2617 686 2631 ——
732 2586 802 2645 In
849 2581 1093 2663 dialogo
1135 2590 1479 2666 saepissime
1527 2577 1660 2668 ἅμα
1704 2605 1836 2649 cum
1880 2570 2585 2666 participio‘copulatur3
2631 2589 2795 2648 cuius
2840 2588 2925 2648 rei
2970 2602 3198 2647 memor

484 2680 487 2681 ⁷
601 2690 876 2751 librarius
922 2695 1100 2753 etiam
1145 2710 1205 2770 p.
1255 2695 1333 2752 77
1381 2692 1453 2757 Β.
1500 2680 1632 2773 ἅμα
1676 2710 1809 2753 eum
1856 2677 2352 2761 ἄποθντίσκοντος
2395 2690 2734 2770 copulatum
2780 2691 2927 2751 vult.

772 2847 912 2909 Jam
958 2847 1282 2927 videamus,
1329 2848 1627 2927 quomodo
1673 2850 1731 2908 in
1773 2849 1990 2926 formis
2035 2850 2384 2909 novaverint
2428 2848 2903 2926 interpolatores.
2996 2847 3071 2906 61
3123 2846 3198 2907 Β.

601 2944 706 3013 καὶ
749 2938 934 3020 αότός
978 2938 1091 3012 οόκ
1133 2937 1179 3033 ἦ
1221 2941 1644 3032 μυθολογικός.
1756 2955 1830 3015 Et
1883 2958 1944 3015 in
1990 2954 2081 3017 01.
2130 2962 2188 3015 et
2232 2956 2290 3014 in
2335 2953 2489 3014 Tub.
2532 2969 2562 3013 ν
2610 2953 3068 3031 suprascriptum
3114 2949 3200 3010 le-

599 3058 811 3132 gimus.
900 3056 1034 3117 Non
1081 3074 1397 3135 sequemur
1443 3058 1931 3138 interpolatores;
1977 3060 2125 3120 haec
2172 3061 2326 3120 enim
2372 3060 2582 3136 forma,
2627 3067 2694 3118 ut
2738 3056 2970 3118 definite
3015 3063 3196 3116 testa-

600 3167 693 3220 tur
736 3159 1096 3239 Porphyrius
1144 3156 1243 3241 (cs.
1290 3159 1440 3225 Cob.
1488 3163 1561 3223 N.
1610 3164 1679 3226 L.
1730 3182 1789 3242 p.
1842 3160 2012 3246 187),
2059 3163 2326 3224 Platonis
2370 3165 2626 3241 propria.
2687 3193 2766 3207 —-
2831 3163 2910 3222 98
2958 3160 3028 3222 Β.
3072 3143 3200 3244 οἷός

598 3254 646 3324 τ’
688 3249 786 3345 ἦν.
873 3267 1068 3326 Etiam
1114 3265 1212 3325 hic
1254 3283 1342 3344 pr.
1389 3284 1472 3334 m.
1519 3269 1576 3328 in
1610 3268 1698 3332 01.
1746 3268 1899 3330 Tub.
1948 3253 2027 3348 ἧς
2073 3283 2103 3328 ν
2150 3286 2228 3331 m.
2275 3284 2391 3327 rec.
2437 3266 2574 3328 add.
2620 3268 2678 3327 in
2703 3266 2856 3329 Tub.
2903 3284 3197 3345 suprascr.

597 3372 660 3428 in
707 3368 796 3432 01.
883 3369 1013 3431 Non
1060 3370 1173 3430 sibi
1219 3378 1493 3431 constant
1537 3371 1678 3434 Tur.
1727 3380 1788 3434 et
1831 3371 2032 3434 Herm.
2079 3373 2180 3450 qui
2227 3390 2407 3451 supra
2451 3357 2517 3454 ἦ,
2582 3371 2677 3431 hic
2719 3356 2796 3452 ἦν
2842 3373 3194 3450 scripserint.

603 3504 682 3518 --
719 3474 802 3533 64
824 3474 900 3532 D.
947 3466 1125 3535 σίτων
1169 3491 1237 3534 τε
1280 3464 1385 3535 καὶ
1424 3476 1629 3536 ποτῶν
1675 3473 1856 3558 (Tub.
1889 3492 1956 3537 τε
1987 3472 2148 3558 om.).
2214 3476 2284 3536 In
2316 3469 2564 3554 utroque
2608 3475 2756 3536 libro
2801 3493 2981 3554 supra
3018 3471 3194 3538 σίτων

601 3596 712 3639 scr.
746 3596 783 3642 ι.
861 3578 1122 3658 Utraque
1151 3581 1340 3642 forma
1370 3584 1428 3643 in
1458 3581 1570 3643 hac
1602 3586 1969 3660 oppositione
2000 3585 2251 3660 usitata;
2297 3583 2371 3643 cf.
2399 3581 2520 3642 Hd.
2552 3581 2631 3642 ad
2660 3581 2718 3646 h.
2751 3580 2792 3640 l.
2835 3582 2922 3640 ita
2966 3588 3032 3640 ut
3060 3599 3194 3642 nes-

601 3685 751 3743 ciam
798 3700 898 3745 eur
941 3684 1012 3746 Β.
1057 3684 1196 3745 Tur.
1241 3686 1491 3747 formam
1537 3681 1738 3749 σιτίων
1784 3687 2082 3766 elegerint.
2131 3718 2212 3732 -
2263 3688 2342 3747 67
2378 3686 2442 3750 C.
2490 3673 2603 3766 ἥγε
2651 3673 2966 3766 ἀποδημία
3008 3677 3049 3767 ἡ
3091 3684 3195 3747 νῦν

600 3838 702 3901 μοι
724 3817 1230 3906 προστεταγμένη.
1272 3785 1411 3905 ὲμοί
1440 3824 1531 3886 01.
1561 3842 1664 3906 μοι
1692 3826 1845 3889 Tub.
1880 3826 1990 3891 Hr.
2015 3824 2248 3902 Stanb„
2294 3817 2437 3904 ἐμοί
2462 3823 2649 3884 Bekk.
2680 3824 2820 3883 Tur.
2853 3853 2932 3868 -
2974 3840 3033 3900 p.
3068 3825 3194 3883 114

597 3926 676 3990 D.
724 3927 813 3990 01.
855 3928 1006 3992 Tub.
1062 3946 1182 3989 non
1241 3927 1461 3991 habent
1505 3922 1644 4011 ἐμοὶ
1686 3927 1890 4006 δοκεῖ,
1950 3929 2058 3992 sed
2105 3946 2205 4010 μοι
2249 3926 2423 3989 δοκεῖ
2466 3928 2622 4006 quod
2667 3929 2884 3989 iniuria
2927 3935 3191 4004 spretum

597 4039 703 4094 est.
750 4064 832 4079 -
905 4036 980 4093 71
1032 4035 1100 4093 E.
1145 4034 1265 4095 τοῖν
1311 4029 1605 4113 γενεσὲοιν
1649 4037 1778 4095 τοῖν
1818 4028 1956 4114 περὶ
1999 4032 2208 4097 ταῦτα.
2298 4031 2453 4095 Tub.
2498 4032 2724 4092 nullam
2770 4034 3187 4093 correctionem

597 4137 801 4215 habet3
860 4139 920 4196 in
967 4137 1052 4198 01.
1107 4155 1317 4198 manus
1378 4147 1645 4199 recentes
1701 4156 1886 4217 supra
1947 4144 2252 4215 utrumque
2315 4138 2441 4200 τοῖν
2507 4154 2635 4216 pos.
2684 4137 2764 4199 αῖ.
2851 4136 3193 4215 Seqniores‚

597 4249 663 4302 ut
705 4244 791 4301 ait
834 4241 1024 4304 Cobet
1067 4240 1167 4322 (N.
1199 4242 1268 4305 L.
1315 4261 1373 4319 p.
1411 4241 1581 4322 695),
1623 4243 1919 4305 finxerunt
1962 4234 2038 4305 τὰ
2080 4251 2141 4304 et
2182 4243 2342 4321 ταῖν,
2386 4225 2580 4305 ταότα
2622 4249 2683 4302 et
2724 4228 2987 4316 ταύταιν,
3036 4229 3191 4301 αὸτσί

599 4355 657 4408 et
715 4335 957 4421 αόταῖν,
1021 4335 1262 4428 α’λλήλα
1324 4355 1383 4407 et
1443 4334 1732 4429 ἀλλήλοιιν
1783 4332 1905 4410 cet.
1964 4367 2150 4427 eaque
2211 4350 2409 4409 omnia
2460 4346 2830 4426 impudenter
2872 4345 3189 4408 admodum

597 4453 858 4564 antiquis
919 4451 1302 4530 scriptoribus
1365 4452 1653 4517 affricani.
1712 4485 1802 4500 --
1864 4455 1940 4514 77
1991 4455 2064 4514 A.
2122 4444 2193 4514 τὰ
2236 4442 2433 4514 πάντα
2490 4441 2568 4513 τὰ
2614 4450 2859 4514 τοιαῦτα
2904 4444 3056 4512 εἶναι
3099 4448 3190 4512 01.

594 4570 808 4688 πάντα.
853 4617 1237 4694 Tanaim.
1314 4626 1533 4706 Quidni
1577 4630 1767 4691 forma
1810 4627 2062 4707 simplex
2103 4629 2181 4689 sit
2223 4624 2528 4705 genuina?
2576 4660 2657 4674 -—
2706 4628 2788 4687 84
2816 4626 2890 4691 B.
2936 4623 3190 4689 διαπτο-
