3509 5375
512 484 592 544 66

496 657 695 718 habet.
784 655 1023 716 Nullum
1070 658 1248 733 igitur
1292 656 1647 733 praesidium
1696 655 1872 731 huius
1904 656 2085 717 ⁸neubi
2148 658 2209 716 in
2255 655 2442 719 libris.
2532 655 2678 718 Inde
2724 659 2991 735 sequitur
3036 664 3099 717 ut

512 764 687 821 etiam
735 746 770 822 oe
816 750 1160 842 Κτήσιππος
1204 761 1528 825 eiciendum
1568 763 1683 838 sit3
1745 779 1882 820 nam
1930 779 2062 822 cum
2107 764 2493 841 praecesserit
2535 754 2691 826 πολό
2740 756 2939 844 μέντοι
2978 758 3099 844 ἔφη

510 852 882 946 δικαιότερον
927 854 1029 925 τόν
1076 848 1361 946 ὄμέτερον
1406 858 1641 946 πατέρα
1683 850 1988 947 τόπτοιμι,
2035 853 2130 927 ὅτι
2170 856 2388 946 μαθών
2435 855 2668 946 anepos<
2712 860 2859 937 υἱεῖς
2903 854 3113 936 οὕτως,

505 965 728 1049 ἔφυσεν
742 1014 762 1045 ,
825 977 883 1030 et
926 972 985 1029 in
1032 969 1124 1029 his
1172 969 1366 1030 verbis
1412 964 1533 1050 ἔφη
1581 968 1655 1030 ad
1704 971 2047 1049 Ctesippum
2094 969 2460 1032 referendum
2505 974 2610 1050 sit,
2665 989 2785 1033 non
2832 988 3101 1033 necessa-

504 1076 652 1133 rium
698 1092 828 1135 esse
874 1073 1108 1134 videtur
1153 1075 1212 1133 in
1258 1073 1444 1133 altera
1489 1075 1896 1137 enuntiatione
1943 1072 2286 1159 Ctesippum
2332 1077 2545 1137 iterum
2590 1077 2914 1137 nominare.

675 1195 1059 1259 Clarkianum
1106 1196 1413 1257 conferens
1472 1195 1595 1259 vidi
1655 1195 1842 1255 multo
1899 1196 2139 1273 saepius
2185 1213 2362 1274 quam
2408 1195 2947 1281 apud-Bekkerum
2991 1197 3096 1260 ad·

504 1307 770 1365 notatum
854 1308 942 1361 est
1022 1300 1178 1359 hunc
1258 1299 1472 1363 librum
1542 1317 1673 1363 cum
1741 1299 1876 1359 aliis
1933 1299 2097 1361 libris
2165 1299 2355 1361 bonae
2416 1299 2680 1363 familiae
2742 1302 3099 1378 consentire,

501 1406 557 1465 id
590 1406 746 1485 quod
780 1407 961 1467 etiam
992 1404 1109 1463 hoc
1141 1404 1468 1482 exemplum
1500 1421 1570 1462 ex
1595 1403 1964 1482 Euthydemo
1994 1412 2291 1482 sumptum
2324 1402 2737 1469 demonstrata
2790 1422 2849 1482 p.
2878 1405 3003 1465 286
3031 1403 3097 1465 C.

498 1513 851 1587 scripserunt
897 1508 1198 1569 Bekkerus
1246 1507 1669 1568 Stallbaumius
1714 1507 2090 1585 Hirschigius
2152 1497 2308 1573 ἄλλο
2369 1526 2421 1569 τι
2478 1506 2680 1590 ψευδῆ
2740 1501 2933 1588 λέγειν
2979 1496 3093 1573 οὔκ

499 1610 640 1679 ἔστι.
729 1596 940 1691 Recte,
1001 1632 1137 1673 nam
1197 1630 1317 1675 non
1374 1612 1564 1672 solum
1611 1611 1748 1672 Vat.
1797 1609 1848 1674 Θ
1893 1610 1997 1675 sed
2044 1614 2222 1673 etiam
2270 1612 2627 1674 Clarkianus
2667 1602 2708 1692 ἢ
2755 1620 2890 1690 post
2935 1603 3093 1675 ἄλλο

505 1738 559 1783 τι
602 1720 829 1795 omisit3
875 1726 933 1779 et
977 1704 1025 1797 ἦ
1065 1734 1244 1795 posse
1291 1716 1491 1777 deesse
1536 1718 1668 1794 quis
1715 1722 1805 1776 est
1849 1719 1948 1794 qui
1996 1715 2212 1792 neget?
2260 1718 2331 1777 cf.
2378 1715 2486 1778 Kr.
2533 1717 2634 1794 62,
2683 1718 2742 1794 3,
2792 1719 2851 1781 8.

673 1857 730 1916 ρ.
781 1840 904 1899 299
952 1837 1017 1901 O.
1057 1828 1126 1918 ἦ
1173 1831 1275 1899 καὶ
1331 1826 1431 1897 τόν
1487 1825 1797 1917 Γηρυόνην
1860 1824 1931 1897 ἂν
1990 1831 2112 1917 ἔφη
2155 1831 2262 1899 καὶ
2303 1825 2404 1897 τὸν
2449 1826 2756 1918 Βριάρεων
2806 1827 2972 1901 οὕτω
3018 1827 3119 1897 σὰ·

501 1936 802 2019 ὄπλίσαιςς
850 1932 972 2023 ἐγώ
1020 1935 1089 2002 δὲ
1134 1936 1308 2026 ᾤμην
1356 1958 1424 2003 σε
1471 1924 1801 2020 δεινότερον
1849 1931 2002 2003 εἶναι
2044 1930 2152 2003 ἅτε
2196 1925 2557 2023 ὁπλομάχην
2601 1928 2753 2005 ὄντα
2793 1936 2898 2004 καὶ
2923 1930 3098 2004 τόνδε

500 2037 604 2109 τὸν
664 2043 922 2126 ἑταῖρον.
1029 2046 1121 2107 De
1179 2047 1483 2122 genuitate
1528 2043 1843 2105 verborum
1886 2037 1991 2107 καὶ
2034 2034 2352 2109 τόνδε-τὰν
2398 2040 2636 2126 ἑταῖρον
2684 2044 2915 2122 dubit03
2976 2045 3096 2121 pri·

503 2170 664 2212 mum
712 2154 866 2211 enim
923 2153 1132 2210 mirum
1197 2150 1426 2210 videtur
1482 2143 1648 2225 quod
1709 2147 1859 2226 haec
1919 2148 2101 2210 verba
2156 2149 2361 2210 addita
2402 2158 2559 2227 suut,
2605 2167 2739 2211 eum
2785 2151 2973 2211 oratio
3020 2148 3098 2209 ad

498 2256 934 2334 Euthydemum
993 2255 1187 2316 solum
1243 2271 1529 2316 conversa
1585 2255 1720 2330 sit;‚
1772 2252 1982 2314 deinde
2044 2255 2244 2319 nescIo
2304 2268 2446 2315 num
2505 2256 2681 2316 frater
2740 2257 2930 2334 possit
2973 2254 3089 2317 dici

498 2355 766 2441 ἑταῖρος;
829 2360 1140 2425 collocatio
1191 2358 1441 2435 denique
1490 2356 1804 2420 verborum
1847 2358 2131 2418 inusitata
2172 2366 2279 2419 est.
2367 2357 2536 2420 Haec
2577 2367 2822 2423 movent
2864 2376 2978 2437 me,
3028 2365 3090 2418 ut

497 2464 680 2525 verba
723 2468 783 2525 iu
829 2466 1153 2542 marginem
1202 2464 1457 2527 reiciam.

666 2604 722 2664 p.
772 2586 894 2646 305
946 2583 1010 2647 C.
1060 2577 1286 2645 οἴονται
1330 2571 1562 2644 δἐἶναι
1603 2568 1840 2643 πάντων
1887 2569 2233 2663 σοφώτατοι
2278 2570 2639 2665 ἀνθρώπων,
2681 2573 2851 2667 πρὸς
2883 2576 2951 2644 δὲ
2994 2585 3095 2668 τῷ

496 2680 651 2752 εἶναι
695 2682 800 2753 καὶ
843 2687 1044 2752 δοκεῖν
1089 2674 1247 2751 πάνυ
1291 2680 1464 2770 παρὰ
1508 2688 1759 2757 πολλοῖς
1802 2676 1966 2749 ὥστε
2007 2679 2179 2770 παρὰ
2222 2687 2405 2751 πᾶσιν
2444 2677 2781 2771 εὖδοκιμεῖν
2814 2679 3097 2771 ἐμποδών

496 2791 693 2876 σφίσιν
738 2788 889 2857 εἶναι
934 2783 1183 2864 aliaeve<
1229 2783 1457 2862 ἄλλους
1514 2781 1560 2873 ἢ
1612 2782 1758 2862 τούς
1812 2786 1953 2874 περὶ
1978 2787 2359 2874 φιλοσοφίαν
2406 2781 2785 2876 ἀνθρώπους.
2843 2795 2965 2855 Pto
3006 2794 3101 2878 τῷ

498 2891 652 2961 εἶναι
708 2898 971 2977 plerique
1033 2900 1239 2976 optimi
1296 2898 1430 2958 libri
1486 2898 1656 2958 nobis
1721 2899 2009 2977 praebent
2064 2889 2134 2958 τὸ
2194 2889 2362 2960 εἶναι.
2476 2891 2897 2963 Accusativum
2962 2916 3097 2970 cum

495 3006 856 3082 praepositio
899 2993 1055 3083 πρὸς
1098 3003 1196 3063 hic
1241 3020 1360 3062 non
1407 3000 1695 3078 admittat,
1743 3009 1847 3082 aut
1893 3007 2173 3065 correctio
2218 3002 2693 3066 adhibenda-aut
2722 3003 3097 3081 interpolatio

502 3107 814 3169 statuenda
877 3116 982 3170 est.
1076 3107 1365 3184 Equidem
1411 3104 1928 3184 interpolationem
1975 3108 2176 3170 malim
2237 3106 2510 3186 amplecti
2555 3127 2734 3187 quam
2780 3112 3090 3170 correctio·

503 3230 659 3292 nem,
705 3230 836 3274 cum
881 3219 1085 3295 putem
1128 3210 1432 3274 librarium
1477 3210 1824 3272 adverbium
1869 3202 2023 3292 πρὸς
2065 3216 2422 3276 nescientem
2464 3212 2614 3274 illud
2661 3204 2811 3274 εἶναι
2852 3216 3092 3278 minime

500 3320 894 3381 necessarium
941 3317 1253 3378 invexisse.
1344 3315 1459 3377 Hic
1489 3318 1942 3394 praepositionis
1976 3334 2115 3376 usus
2146 3317 2319 3379 nobis
2345 3321 2492 3380 satis
2522 3328 2694 3381 notus
2726 3326 2834 3382 est.
2879 3319 2951 3380 ef.
2982 3316 3088 3382 Kr.

503 3428 539 3496 §
589 3425 687 3497 68,
736 3425 793 3500 2,
842 3423 900 3484 2.
1011 3420 1276 3492 Hertlein
1320 3419 1479 3482 Xen.
1521 3421 1731 3500 Cyrop.
1798 3423 1854 3479 2.
1917 3422 1970 3482 1.
2035 3422 2137 3492 31.
2241 3420 2425 3484 Kratz
2486 3421 2562 3481 ad
2618 3420 2802 3498 Gorg.
2858 3440 2923 3498 p.
2969 3421 3092 3482 616

502 3527 577 3585 D.
625 3523 707 3605 (p.
758 3520 909 3608 139)
971 3525 1125 3588 Plat.
1187 3525 1348 3587 Prot.
1399 3526 1520 3584 321
1570 3524 1644 3583 D.
1697 3513 1851 3603 πρὸς
1913 3517 1982 3588 δὲ
2035 3518 2141 3586 καὶ
2200 3517 2262 3584 αἱ
2314 3512 2451 3592 Διὸς
2508 3517 2778 3606 φυλακαὶ
2832 3517 3098 3605 φοβεραὶ
3196 3527 3201 3538 “

501 3614 679 3710 ἦσαν.
728 3632 873 3707 Rep.
919 3630 966 3693 Ι.
1016 3631 1138 3690 328
1175 3632 1246 3692 Α.
1294 3621 1398 3688 καὶ
1438 3612 1591 3707 πρός
1633 3645 1701 3705 γε
1745 3620 2086 3708 παννυχίδα
2127 3612 2463 3707 ποιήσουσι.
2549 3629 2727 3706 Soph.
2760 3648 2819 3709 p.
2854 3632 2981 3692 234
3017 3631 3088 3694 A.

508 3728 612 3795 καὶ
655 3721 805 3816 πρός
848 3752 915 3813 γε
960 3719 1265 3814 θαλάττης
1308 3725 1411 3792 καὶ
1455 3720 1720 3812 οιῗρανοιῖ
1763 3724 1868 3792 καὶ
1911 3728 2090 3791 θεῶν.
2554 3809 2559 3818 ¹

671 3875 734 3933 p.
783 3856 907 3921 295
953 3855 1028 3916 D.
1077 3842 1208 3916 ἀλλ’
1255 3846 1306 3914 εἰ
1352 3851 1522 3914 δοκεῖ
1566 3835 2075 3933 σοι,Ἐὄθόδημε,
2108 3840 2269 3914 οιῗτω
2299 3854 2506 3926 ποιεῖν,
2551 3848 2845 3934 ποιητέον.
2935 3855 3106 3918 Haec

512 3963 770 4024 Socratis
817 3961 1034 4037 verba,
1097 3960 1311 4038 quibus
1355 3977 1422 4020 se
1465 3959 1774 4037 sophistae
1821 3959 2234 4024 obsecuturum
2284 3977 2415 4024 esse
2457 3959 2793 4039 profitetur,
2826 3971 3102 4039 corrupta

515 4085 642 4128 esse
685 4084 917 4144 censeo,
962 4084 1097 4126 narn
1147 4065 1327 4125 verba
1372 4058 1424 4125 εἰ
1469 4061 1638 4126 δοκεῖ
1682 4082 1778 4130 σοι
1821 4049 1986 4130 οὕτω
2015 4066 2199 4140 ποιεῖν
2245 4065 2321 4126 ab
2367 4065 2479 4128 hoc
2524 4047 2669 4138 loliov
2703 4067 2916 4145 aliena,
2967 4085 3099 4130 cum

507 4173 633 4230 sine
695 4169 873 4231 dubio
919 4170 1249 4248 significent
1312 4173 1398 4246 „si
1456 4168 1562 4230 tibi
1610 4163 1844 4229 videtur
1907 4169 2022 4231 hoe
2069 4143 2398 4231 faciendum
2447 4170 2613 4231 esse“
2674 4173 2761 4236 ita
2804 4180 2873 4238 ut.
2910 4173 3096 4240 ποιεῖν

513 4293 620 4352 pro
681 4269 955 4355 ποιητέον
1018 4266 1168 4338 εἶναι
1227 4273 1633 4351 accipiendum
1693 4276 1768 4333 sit
1826 4275 1898 4335 cs.
1956 4273 2221 4334 Hertlein
2277 4273 2440 4337 Xen.
2501 4274 2637 4353 Oyr.
2703 4278 2759 4340 2.
2808 4255 2883 4340 ’4.
2931 4272 3107 4355 221).

518 4379 597 4439 At
640 4379 932 4452 Socrates,
970 4396 1096 4472 ‘non
1142 4378 1548 4457 Euthydemus
1593 4378 1771 4456 ποιεῖ,
1817 4377 2218 4456 Euthydemus
2264 4378 2442 4459 iubet,
2489 4379 2761 4443 Socrates
2809 4383 2977 4443 iussa
3019 4381 3106 4446 fe·

646 4622 693 4693 ¹)
737 4621 957 4686 Restius
994 4622 1143 4677 dicas
1178 4619 1330 4680 δοκεῖν
1369 4637 1486 4678 esse
1519 4620 1977 4694 interpretandum
2014 4624 2145 4694 ‚gut
2175 4620 2420 4678 dunkeffl
2460 4623 2528 4678 οἱ.
2566 4625 2658 4678 Kr.
2692 4624 2727 4691 ff
2761 4620 2847 4687 66,
2884 4623 2935 4692 3,
2976 4622 3055 4681 16.
