3509 5375
2910 492 2995 577 τέ

399 696 565 781 yenit*
606 700 661 756 et
702 666 996 756 soher-tiae
1039 666 1528 775 requirentibusst
1598 687 1810 753 Stallb.
1878 684 1940 773 4)
1986 670 2299 753 Permuitis
2344 691 2513 754 loeis⁷
2536 692 2753 768 legitur
2816 688 2999 771 δῆλον

395 795 506 862 ’καὶ
548 794 732 861 παντί
772 801 847 860 ad
895 801 952 860 id
987 801 1144 878 quod
1178 808 1343 860 extra
1376 799 1799 859 dubitationem
1829 801 2088 875 positum
2121 807 2226 877 est,
2271 797 2725 874 significandum
2770 791 2846 876 5)
2892 810 2999 874 po—

402 914 516 965 test
578 907 833 983 denique
879 907 1287 981 compararit
1266 904 1426 965 Men.
1479 904 1554 962 76
1603 902 1670 961 Β.
1729 888 1846 961 κᾶν
1905 894 2516 982 κατακεκαλυμμένος
2569 916 2655 970 τις
2704 886 2877 981 γνοίη
2943 885 2999 958 ὦ

401 1002 613 1070 Μένων
661 1004 1093 1090 διαλεγομένου
1141 1025 1253 1068 σου
1299 998 1388 1068 ὅτι
1432 996 1627 1074 καλός
1670 998 1729 1066 εἷ
1770 999 1873 1065 καὶ
1917 999 2171 1085 ἐρασταί
2213 1020 2308 1065 σοι
2349 1000 2437 1066 ἔτι
2482 998 2615 1068 εἰσί.

576 1132 634 1192 p.
682 1114 808 1174 280
854 1113 919 1175 C.
981 1101 1079 1193 ἄρ’
1125 1101 1198 1173 ἂν
1246 1129 1414 1172 ουτοι
1457 1127 1525 1197 ευ
1574 1082 1888 1190 πραττοιεν
1934 1099 2026 1169 διὰ
2072 1099 2179 1188 τὴν
2223 1102 2468 1190 κτῆσιν,
2514 1099 2607 1171 ὅτι
2644 1104 3004 1192 ’κεκτημένοι

406 1211 525 1279 εἷεν
586 1204 784 1279 πάντα
843 1206 890 1277 ἂ
943 1215 1038 1278 δεῖ
1092 1208 1426 1296 κεκτῆσθαι
1481 1204 1584 1275 τόν
1645 1199 2027 1294 δημιουργόνς
2094 1204 2685 1292 Circumstat-ipserum
2727 1212 3001 1297 Hirsehi-

402 1325 535 1399 gius
582 1333 640 1382 et
687 1314 1028 1381 Badhamus
1073 1336 1280 1381 vocem
1324 1314 1675 1400 κεκτῆσθαι.
1778 1298 1912 1378 'Non
1961 1334 2111 1393 nego
2160 1312 2263 1378 hie
2320 1305 2369 1378 ἃ*
2406 1314 2504 1378 δεῖ
2544 1321 2672 1378 sine
2712 1292 3002 1378 infinitivo

402 1430 596 1503 magis
643 1420 922 1486 usitatum
969 1436 1098 1485 esse
1157 1426 1234 1484 cf.
1280 1424 1470 1486 Oiass.
1534 1420 1622 1483 ad·
1655 1420 1840 1482 Thoe.
1889 1424 1946 1483 4.
1997 1420 2054 1484 3.
2102 1420 2197 1498 5;’
2224 1430 2316 1483 ae
2379 1432 2575 1485 tamen
2639 1420 2848 1485 vereor
2914 1422 3004 1483 i'n-

397 1531 693 1591 finitivum
726 1528 915 1589 delere
959 1530 1174 1607 quippe
1218 1544 1395 1605 quern
1440 1531 1664 1605 putem‘
1689 1524 1912 1585 nullam
1957 1526 2148 1602 legem
2193 1530 2638 1604 grammaticam
2681 1524 2907 1588 vioiare
2947 1534 3003 1589 et

404 1654 474 1696 ex
520 1630 613 1696 his
660 1635 804 1695 loeis
848 1633 1204 1715 praesidium
1252 1632 1502 1694 habere:
1565 1631 1910 1706 Phaedo‘p.
1950 1630 2067 1689 107
2103 1628 2170 1693 E.
2212 1614 2508 1708 τυχόντας
2552 1620 2732 1692 δ”ἒκεῖ
2776 1618 2864 1693 οἷν
2913 1628 3007 1692 δεῖ

401 1741 603 1820 τυχεῖν
665 1739 767 1798 ubi
825 1742 982 1797 idem
1026 1734 1397 1813 Birsehigius
1455 1735 1811 1796 infinitivum
1858 1732 2107 1795 delebat.
2184 1736 2391 1821 Legg.j
2415 1736 2667 1799 11:⁶53
2715 1732 2784 1796 B.
2842 1726 3005 1795 ὥστε

403 1844 589 1924 μισεῖν
649 1837 759 1923 μὲν
819 1830 866 1903 ἃ
903 1833 1049 1924 ’χρή
1113 1844 1300 1922 μισεῖν
1357 1830 1544 1911 εόθὸς
1605 1834 1670 1909 ἐξ
1728 1829 1926 1921 ἀρχῆς
1981 1833 2163 1919 μέχρι
2216 1833 2464 1914 τέλους,
2523 1824 2789 1922 στέργειν
2843 1836 2913 1901 δὲ
2960 1826 3009 1901 ’δι’

400 1937 524 2027 χρὴ
570 1941 834 2027 στέργειν
879 1945 971 2006 cll.
1018 1946 1260 2008 Theaet.
1305 1964 1364 2022 p.
1405 1945 1522 2005 185
1574 1945 1638 2003 E.
1685 1945 1864 2004 τοῦτο
1909 1934 2025 2024 γὰρ
2069 1961 2145 2022 ην
2186 1931 2235 2003 δ’
2269 1935 2376 2004 ’καὶ
2421 1932 2594 2031 αῧτῳ
2640 1932 2740 2025 μοι
2784 1931 3004 2020 ἐδόκει,

404 2037 744 2151 ἐβουλόμην
787 2045 858 2111 δὲ
901 2043 1004 2112 καὶ
1048 2043 1147 2111 σοὶ
1189 2036 1373 2117 δόξαι.
1463 2047 1695 2110 Politia.
1739 2067 1798 2125 p.
1842 2050 1964 2109 291
2017 2047 2081 2111 C.
2129 2034 2200 2108 ὃν
2244 2036 2363 2135 οἷτιὸ
2407 2047 2530 2109 ταῖν
2576 2038 2769 2120 ὄντως
2810 2039 3002 2111 ὄντων

400 2156 723 2218 πολιτικῶν
783 2147 887 2217 καὶ
945 2151 1266 2232 βασιλικῶν
1327 2148 1546 2234 καίπερ
1608 2141 2005 2235 παγχάλεπον
2073 2142 2222 2214 ὄντα
2282 2140 2560 2255 ἀφαιρεῖν
2623 2143 3002 2269 ἀφαιρετέον,

399 2255 455 2321 εἰ
512 2256 813 2343 μέλλομεν
857 2252 1001 2321 ἰδεῖν
1049 2253 1323 2340 ἐναργως
1363 2250 1430 2319 τὰ
1478 2249 1861 2380 ζητούμενον.

579 2384 637 2442 p.
684 2366 811 2425 ‘280
857 2365 934 2427 D.
997 2359 1129 2424 Δεῖν
1193 2353 1321 2443 ἄρα
1374 2358 1530 2443 ἔφην
1577 2355 1662 2431 ως
1704 2358 1870 2424 ἔοικε
1911 2351 1995 2442 μὴ
2042 2349 2221 2443 μόνον
2265 2358 2596 2445 κεκτῆσθαι
2637 2355 2713 2424 τοὶ
2756 2363 3004 2425 τοιαυτα

403 2456 609 2547 οῗγαθᾶ
652 2459 754 2529 τόν
800 2463 1099 2548 μέλλοντα
1144 2457 1475 2548 εόδαίμονα
1517 2462 1788 2545 ἔσεσθαι,
1836 2455 1994 2529 ἄλλα
2025 2460 2129 2528 καὶ
2155 2466 2385 2548 χρῆθαι
2414 2457 2620 2537 αὸτοῖς
2649 2482 2665 2501 ·
2699 2461 2782 2537 ὥς
2824 2456 3003 2529 οὸδὲν

401 2561 632 2654 ὄφελος
688 2571 798 2652 τῆς
855 2562 1129 2654 κτήσεως
1186 2569 1459 2652 γίγνεται.
1565 2572 1928 2631 Infinitivum
1987 2569 2108 2633 δεῖν
2173 2591 2206 2633 e
2246 2570 2471 2635 'Glarke
2506 2570 2701 2636 Vatis.
2744 2564 3003 2636 restituit

405 2676 928 2750 Winekelmannus
991 2691 1240 2757 eumque
1300 2678 1483 2740 secuti
1546 2674 1684 2739 sn'nt
1737 2676 2186 2739 Sta11b.'‘ruric.
2228 2677 2433 2743 Herm.
2480 2676 2562 2740 At
2620 2670 2855 2740 Hirsch.
2898 2654 2998 2738 ’δεῖ

408 2771 554 2862 ἄρα.
593 2783 786 2843 Badh.
831 2772 1188 2868 δεῖ’γ’ἇρα.“
1228 2773 1383 2859 Quid
1429 2799 1632 2843 verum
1679 2785 1778 2856 sit,
1823 2799 1942 2842 non
1987 2785 2209 2861 poteris
2257 2777 2468 2859 dicere,
2515 2779 2627 2842 ni'si
2671 2791 3002 2846 structurae

408 2889 527 2947 vim
570 2891 956 2966 perspexeris.
1060 2887 1228 2948 Haec
1275 2897 1474 2948 autem
1522 2904 1594 2947 ex
1648 2891 1722 2947 iis
1767 2905 1921 2964 quae
1965 2875 2224 2950 Kvic’ala
2252 2879 2501 2964 'scripsit
2541 2886 2769 2965 Symb:
2798 2877 3003 3009 philol.

403 2991 594 3052 Bonn.
639 3010 697 3070 p.
735 2994 855 3052 657
904 2995 992 3053 sie
1040 2995 1138 3052 via
1182 3001 1359 3070 atque
1404 2996 1630 3052 ratione
1674 3002 1871 3069 potest
1915 2993 2253 3070 explanari,
2274 2989 2791 3052 Enuntiationem
2822 2981 3002 3051 νειίιο-

407 3113 513 3178 μεν
561 3083 653 3156 ὅτι
697 3084 873 3157 οιῗδὲν
921 3084 1216 3176 ἀληθείας
1257 3089 1524 3177 μετέχειν
1572 3089 1699 3157 δέοι
1744 3091 1840 3177 (cf.
1889 3098 2138 3157 Phaedr.
2184 3100 2311 3160 272
2345 3093 2428 3179 D)
2474 3095 2523 3156 si
2570 3095 2774 3173 habes,
2842 3100 2995 3157 ratio

287 3245 296 3250 -
409 3210 611 3280 aperta
657 3209 774 3279 est3
840 3204 1166 3261 enuntiatio
1214 3203 1368 3263 enim
1415 3201 1492 3262 ab
1540 3219 1630 3261 οτι
1673 3203 1960 3279 incipiens
2008 3200 2219 3262 obiecti
2280 3197 2413 3262 loeo
2462 3209 2559 3262 est
2595 3201 2777 3262 verbo
2825 3191 2997 3261 εἵπο-

410 3322 537 3386 μεν.
611 3303 767 3382 Quid
798 3315 998 3367 autem
1042 3306 1420 3367 statuendum
1452 3311 1557 3383 est,
1603 3310 1651 3365 si
1698 3305 1851 3382 quis
1877 3314 1942 3367 ut
1971 3306 2215 3368 Platol.
2247 3323 2296 3367 c.
2330 3307 2469 3366 dicit
2515 3294 2555 3366 ὃ
2597 3300 2863 3386 εἴπομεν,
2910 3295 3005 3367 ὅτι

413 3397 588 3470 ουδὲν
639 3399 932 3491 αληθεὶας
975 3405 1238 3492 μετέχειν
1286 3399 1460 3472 δέοιῖ
1507 3411 1622 3470 Hic
1667 3414 1992 3472 enuntiatio
2037 3425 2129 3471 οτι
2181 3444 2257 3455 ———
2317 3403 2445 3472 δέοι
2474 3411 2774 3488 subiecti,
2820 3428 3003 3471 enun-

406 3517 573 3575 tiatio
620 3502 661 3574 ὃ
702 3509 947 3595 εἴπομεν
992 3516 1319 3593 praedicati
1368 3515 1633 3592 partibus
1680 3517 1972 3594 fungitur3
2018 3516 2115 3576 vel
2159 3518 2209 3578 si
2242 3519 2432 3576 mavis
2463 3502 2659 3577 τοῦτό·
2680 3510 2836 3576 ἐστιν
2867 3524 3002 3577 ante

407 3605 501 3679 ὅτι
544 3607 718 3680 οόδὲν
765 3640 823 3682 κ.
854 3637 904 3682 τ.
939 3619 994 3680 λ.
1040 3619 1433 3698 supplendum
1480 3632 1586 3682 est.
1676 3621 1867 3681 Huius
1912 3611 2239 3682 structurae
2283 3620 2436 3680 duae
2483 3622 2637 3680 aliae
2684 3623 3002 3681 varietates

406 3713 786 3802 reperiuntur,
833 3733 1029 3802 potest
1074 3729 1228 3785 enim
1273 3729 1449 3785 etiam
1496 3726 1608 3787 dici
1662 3721 1721 3807 1)
1771 3713 1811 3786 ὃ
1851 3718 2124 3807 εἴπομεν,
2174 3714 2347 3787 οόδὲν
2391 3714 2688 3807 ἀληθείας
2732 3719 3003 3806 μετέχειν

408 3823 515 3891 δεῖ.
610 3824 675 3913 2)
721 3816 763 3889 ὅ
805 3823 1069 3911 εἴπομεν,
1118 3818 1293 3892 οόδὲν
1340 3817 1637 3912 α’ληθείας
1680 3823 1950 3911 μετέχειν
1997 3825 2139 3895 δεῖνῖ
2222 3825 2338 3892 Illa
2382 3834 2638 3892 varietas
2683 3849 2803 3893 non
2853 3830 3005 3891 diffi-

408 3933 538 3994 cilis
584 3943 674 3994 est
720 3935 1032 4015 explicatu,
1079 3940 1539 3997 enuntiationem
1587 3938 1740 3997 enim
1786 3931 2576 4014 relativam'appositionem
2605 3951 2822 3998 vocare
2867 3936 3008 3997 lieet

410 4042 827 4101 enuntiationis
887 4043 1233 4119 primariae;
1301 4042 1452 4104 haee
1511 4050 1711 4103 autem
1775 4057 1897 4102 non
1956 4039 2342 4123 intellegitur,
2406 4043 2522 4102 nisi
2584 4045 3006 4104 attractionem

408 4148 718 4223 statueris,
766 4164 883 4223 qua
931 4147 1172 4207 verbum
1220 4139 1464 4228 εἴπομεν
1512 4149 1934 4207 enuntiationis
1980 4166 2124 4208 suae
2167 4147 2321 4209 fines
2362 4151 2530 4227 quasi
2579 4145 3003 4225 transgreditur

411 4256 468 4308 et
515 4243 607 4309 δεῖ
665 4250 741 4310 ad
786 4269 852 4311 se
899 4251 1167 4329 attrahit;
1229 4251 1322 4312 vel
1383 4262 1445 4311 ut
1504 4252 1672 4312 allter
1734 4231 1927 4313 dicam
1985 4251 2234 4330 loquens
2295 4256 2465 4331 quasi
2527 4252 2743 4315 oblitus
2788 4270 3004 4331 prono-

405 4355 582 4413 minis
627 4354 860 4416 relativi
906 4356 1148 4417 verbum
1192 4358 1509 4435 primariae
1555 4339 1978 4418 enuntiationis
2026 4359 2342 4417 obnoxium
2384 4355 2577 4419 reddit
2606 4359 2786 4419 verbo
2816 4355 3005 4418 enun-

406 4460 672 4519 tiationis
730 4460 1020 4522 relativae
1079 4463 1150 4523 cf.
1211 4462 1440 4524 Phileb.
1486 4462 1569 4524 20
1617 4463 1691 4520 D.
1758 4451 1902 4523 τόδε
1962 4479 2035 4543 γε
2085 4451 2203 4543 μὴν
2264 4480 2349 4531 ως
2408 4481 2575 4543 οιμαι
2632 4453 2769 4582 περι
2813 4452 3007 4523 azizos

405 4549 878 4644 ἀναγκαιότατον
937 4559 1126 4645 λέγειν
1188 4566 1327 4628 ibid.
1389 4586 1446 4643 p.
1498 4568 1580 4626 54
1627 4567 1701 4627 D.
1773 4556 1926 4646 ὅπερ
1990 4553 2329 4650 οἷρχόμε·ς)ο
2392 4558 2553 4628 εἷπον
2612 4554 2832 4627 τοότου
2892 4569 3002 4627 τοῦ

404 4656 613 4751 λόγου,
657 4670 749 4760 τῷ
788 4657 1112 4751 μηνύσαντι
1154 4671 1267 4753 τῆς
1309 4656 1538 4754 ηδονῆς
1578 4665 1717 4753 πέρι
1762 4663 1829 4732 τὸ
1877 4666 2097 4753 γένεσιν
2141 4666 2282 4753 Ιμέν,
2331 4663 2542 4738 ουσίαν
2582 4667 2656 4733 ’δὲ
2704 4664 2845 4758 μηδ’
2887 4666 3002 4758 ἧν·-
