3509 5375
2813 466 2942 545 159

521 635 682 715 infra
725 636 879 714 hanc
923 657 1126 712 notam
1172 633 1378 713 solium
1426 645 1654 713 allitum
1701 646 1993 731 videmus,
2039 650 2197 730 quod
2241 651 2394 714 duas
2435 654 2726 730 imagines
2775 653 2944 713 exbi-

340 756 441 817 bet
485 756 805 819 seeundum
847 757 1107 833 ligneam
1151 757 1397 816 sormam
1429 736 1921 838 repraesentatae,
1967 774 2213 834 quarum
2259 776 2379 817 una
2421 757 2721 819 hominem
2765 776 2933 817 mou-

337 868 486 920 strat
544 879 721 922 manu
783 856 993 920 librum
1055 869 1347 921 tenentem
1413 877 1547 920 cum
1613 860 1705 920 his
1750 859 1943 919 verbis
2006 863 2064 920 in
2114 861 2314 921 orbem
2362 861 2543 923 literis
2588 860 2929 922 maiusculis

324 966 598 1042 scriptis:
641 961 943 1044 Μαρτῖνος
982 951 1274 1044 Κροόσιος
1318 957 1379 1025 ἐν
1426 957 1685 1044 Τυβίγγῃ
1730 950 1977 1023 διδάσκ·
2024 958 2148 1025 ἔτει
2185 947 2360 1045 ἥλικ’
2404 952 2521 1044 νβ’.
2572 966 2757 1028 1578.

511 1105 578 1164 In
625 1105 662 1164 f.
713 1103 917 1165 ultimo
963 1121 1007 1162 r.
1054 1112 1255 1163 extant
1306 1103 1453 1162 haec
1496 1102 1681 1163 verba
1727 1103 1948 1163 Crusii:
1998 1102 2231 1181 „Huius
2278 1106 2470 1183 operis
2516 1105 2658 1165 solia
2711 1109 2932 1184 scripta

336 1220 471 1269 sunt
530 1206 841 1269 CLXXX.
902 1214 960 1268 et
1024 1209 1084 1266 in
1143 1207 1183 1268 f.
1248 1207 1351 1268 ult.
1414 1225 1470 1268 v.
1577 1204 1819 1267 Scholia
1877 1210 1936 1266 in
1992 1204 2272 1287 Genesin,
2333 1217 2391 1269 et
2449 1217 2673 1288 partem
2721 1202 2936 1287 Exodi,

337 1310 586 1386 Graeca,
651 1331 725 1371 ex
768 1309 1139 1370 Bibliotheca
1189 1308 1201 1387 Ι
1254 1306 1588 1387 Basiliensi,
1652 1310 1713 1369 in
1761 1309 1973 1374 Octob.
2023 1320 2081 1372 et
2124 1312 2410 1374 Novemb.
2466 1312 2627 1373 1576
2690 1331 2800 1392 ego
2847 1314 2930 1373 M.

336 1411 668 1498 Marltinus
714 1414 958 1475 Crusius
987 1415 1294 1490 'l'ybingae
1340 1415 1663 1492 Professor,
1708 1414 1964 1492 perlegi:
2009 1416 2158 1477 liber
2203 1420 2266 1477 in
2310 1422 2401 1480 4⁸.
2456 1413 2469 1498 1
2523 1419 2731 1478 forma.
2780 1419 2926 1478 266.

333 1521 634 1580 soliorum:
680 1522 845 1581 cuius
889 1521 1208 1597 scriptura,
1255 1515 1576 1596 scripturae
1621 1520 1796 1580 huius
1839 1522 2093 1598 platonis
2138 1508 2414 1582 assimilis
2459 1531 2604 1586 erat.

509 1658 706 1719 Codex
752 1659 855 1738 qui
901 1665 990 1718 est
1037 1656 1448 1721 membraneus
1497 1661 1719 1717 tonnae
1766 1658 2091 1736 quadratae
2142 1661 2420 1737 „saeculo
2467 1665 2696 1743 circiter
2743 1664 2925 1724 unde-

333 1764 483 1825 cimo
529 1760 623 1822 vel
671 1760 1017 1823 duodecimo
1062 1760 1352 1838 scriptus“
1379 1756 1427 1843 ¹)
1489 1770 1722 1822 constat
1782 1780 1854 1822 ex
1899 1762 2387 1840 quaternionibus
2434 1768 2514 1826 22
2563 1775 2621 1828 et
2667 1766 2927 1830 dimidio.

339 1862 487 1925 Post
528 1862 704 1925 finem
760 1872 953 1925 textus
1001 1884 1210 1925 manus
1258 1865 1760 1943 inelegantissima
1802 1852 1874 1927 ac
1920 1871 2320 1929 recentissima
2364 1868 2509 1932 haec
2552 1872 2802 1952 scripsit,
2847 1870 2923 1933 ab

216 2028 223 2033 ,
333 1965 455 2025 alia
512 1986 686 2027 manu
748 1971 811 2028 in‘
863 1972 1081 2046 pagina
1140 1971 1468 2051 insequenti
1516 1973 1796 2048 repetita:
1858 1959 2142 2052 τετράδια
2186 1962 2344 2054 ἅπερ
2388 1969 2519 2054 ἔχει
2558 1967 2601 2056 ἡ
2643 1978 2925 2058 παροῦσα

335 2058 538 2145 βίβλος
596 2064 788 2131 εἴκοσι
842 2066 948 2134 καὶ
1003 2067 1161 2154 τρία.
1270 2071 1700 2149 Quaterniones
1763 2078 2095 2136 numeravit
2149 2084 2212 2135 ut
2256 2077 2486 2137 videtur
2529 2080 2685 2140 idem
2729 2081 2924 2142 scriba

332 2173 430 2248 qui
477 2179 660 2234 totum
708 2174 969 2237 codicem
1013 2178 1276 2255 scripsit3
1322 2192 1598 2239 numeros
1629 2176 1869 2238 infimae
1902 2182 2152 2256 margini
2185 2184 2443 2258 paginae
2473 2182 2692 2263 primae
2737 2182 2921 2264 adpo-

330 2295 481 2372 suit3
525 2294 583 2354 bi
629 2304 829 2358 autem
872 2301 1098 2359 numeri
1130 2299 1584 2362 interciderunt:
1628 2316 1700 2377 α,
1746 2297 1816 2379 β,
1860 2318 1925 2381 γ,
1968 2300 2063 2383 κγ.
2154 2300 2322 2362 Folia
2368 2303 2543 2380 igitur
2587 2315 2724 2366 sunt
2777 2304 2919 2368 180.

326 2401 583 2474 paginae
628 2400 755 2460 360
774 2396 844 2484 ²).

500 2537 721 2600 Codice
763 2526 1145 2603 continentur
1176 2543 1236 2605 hi
1285 2542 1540 2622 dialogi:
1887 2626 1894 2634 ·

639 2664 694 2726 1.
743 2661 1268 2746 Euthsyphmo.
1356 2684 1415 2744 p.
1466 2669 1496 2727 1
1550 2701 1629 2712 —
1677 2687 1736 2746 p.
1786 2670 1888 2731 21.

633 2785 691 2842 2.
743 2782 991 2849 Otito.
1079 2804 1140 2863 p.
1188 2789 1267 2846 21
1316 2820 1403 2833 —-
1447 2806 1506 2866 p.
1554 2790 1658 2855 38.

636 2905 694 2963 3.
738 2902 1077 2971 Phaedo
1162 2926 1221 2985 p.
1272 2909 1381 2971 38.
1425 2927 1484 2987 p.
1532 2944 1615 2955 —
1668 2913 1807 2976 130.

632 3027 691 3087 4.
735 3015 1310 3093 Parmenides.
1403 3048 1460 3107 p.
1512 3032 1634 3090 130
1679 3064 1762 3077 —
1809 3052 1868 3111 p.
1919 3037 2062 3099 180.

630 3147 689 3208 5.
741 3146 1218 3215 Alcibiades
1257 3150 1332 3216 1.
1418 3171 1478 3230 p.
1530 3155 1651 3215 189
1707 3189 1777 3200 —
1831 3174 1890 3235 p.
1937 3160 2085 3222 232.

631 3268 690 3330 6.
734 3266 1209 3337 Alcibiades
1248 3271 1364 3337 11.
1410 3293 1469 3353 p.
1514 3277 1640 3338 232
1693 3307 1771 3321 —-
1816 3295 1878 3356 p.
1923 3281 2068 3341 250.

631 3392 688 3448 7.
733 3388 1150 3458 maetas.
1239 3414 1297 3473 p.
1349 3399 1471 3457 251
1522 3431 1600 3442 —
1651 3416 1710 3476 p.
1756 3399 1906 3466 360.

483 3525 669 3590 Vides
713 3529 938 3591 nullam
983 3532 1356 3612 tetralogiam
1403 3542 1590 3597 totam
1635 3525 1892 3624 in'libro
1938 3542 2166 3624 inesse,
2211 3542 2316 3604 sed
2364 3544 2634 3624 dialogos
2680 3557 2908 3626 septem

316 3645 388 3687 ex
431 3639 708 3709 quattuor
753 3636 1083 3740 tetralogiis
1128 3638 1371 3706 electos.

488 3768 558 3830 In
603 3773 747 3834 folio
792 3778 981 3853 primo
1027 3787 1189 3839 extat
1232 3778 1442 3840 borum
1486 3779 1855 3859 dialogorum
1900 3784 2076 3846 index
2119 3786 2307 3848 literis
2352 3790 2499 3850 satis
2544 3788 2834 3854 evanidis.

485 3905 727 3971 Initium
774 3915 1229 3994 uniuscuiusque
1291 3918 1511 3996 dialogi
1575 3925 1934 3983 ornamentis
1980 3923 2139 3985 rubri
2183 3924 2401 4032 coloris
2445 3929 2798 4010 praepositis
2844 3936 2905 3990 et

315 4007 486 4068 litera
531 4013 741 4073 initiali
785 4013 961 4078 rubra
1005 4022 1324 4083 indicatum
1371 4032 1483 4087 est.

493 4135 963 4219 Euthyphronis,
1037 4143 1406 4224 Phaedonis,
1467 4148 1872 4227 Parmenidis‚
1934 4151 2259 4214 Alcibiadis
2305 4154 2386 4232 L,
2450 4156 2774 4228 Alcibiadis
2819 4153 2899 4220 11.

311 4237 515 4299 titulos
580 4259 738 4302 man.
803 4261 920 4305 ree.
986 4263 1109 4307 non
1186 4266 1364 4325 supra
1431 4252 1658 4312 initium
1729 4254 1981 4334 dialogi,
2069 4259 2173 4320 sed
2246 4260 2307 4320 iu
2380 4265 2677 4340 superiore
2746 4281 2899 4326 mar·

443 4518 491 4588 ¹)
527 4519 747 4573 Fischer
778 4538 832 4589 p.
868 4522 1019 4577 vm.

439 4625 489 4693 ²)
526 4626 642 4681 Eae
675 4627 776 4681 hoc
808 4629 965 4682 modo
999 4632 1243 4699 signatae
1275 4639 1404 4686 sunt
1439 4635 1489 4705 1,
1525 4637 1576 4701 3,
1611 4638 1663 4702 5,
1699 4639 1913 4693 omissis
1945 4638 1997 4710 2,
2031 4639 2067 4692 4
2099 4645 2202 4698 eto.
