3509 5375
528 496 607 552 38

512 650 672 747 ἡμᾶς
723 669 923 726 nostro
975 665 1106 725 loco
1152 671 1210 724 et
1249 664 1470 724 scribe:
1514 663 1751 727 πολλου’
1797 654 1923 744 ἄρα
1968 661 2063 725 δεῖ
2107 646 2193 734 (εἷς
2233 659 2426 724 ἔοικεν
2471 653 2838 743 λυροποιοὸς
2880 651 3111 737 detrec<

517 763 669 832 εἶναι
712 762 816 830 καὶ
857 757 1137 855 rotatim<
1178 756 1330 839 ‘caude
1373 757 1695 851 ἐπιστήμης
1740 758 2126 850 ἐπηβόλουςε
2189 756 2305 828 inm
2352 766 2602 828 habebis
2648 782 2801 846 quae
2846 764 3112 845 postula-

519 881 728 955 verunt
772 877 1138 952 interpretes.

1620 990 1980 1115 'sm'

692 1170 1072 1232 Clarkianum
1138 1174 1422 1248 optimum
1495 1172 1867 1232 Platonicum
1927 1170 2140 1231 librum
2205 1168 2765 1249 fundamentumque
2824 1172 3117 1232 recemio-

519 1278 609 1335 nis
655 1291 785 1335 esse
815 1275 1032 1337 XXIV
1079 1257 1469 1354 dialogorum,
1512 1279 1612 1354 qui
1659 1294 1728 1336 eo
1764 1278 2149 1353 eontinentur,
2197 1293 2271 1336 ex
2317 1292 2434 1352 quo
2465 1275 2819 1337 Turicenses
2848 1283 2908 1334 et
2941 1276 3006 1336 C.
3045 1275 3113 1338 F.

514 1380 893 1440 Hermannus
934 1379 1244 1440 Platonem
1292 1378 1629 1457 ediderunt,
1678 1379 1952 1440 omnibus
1996 1382 2096 1457 qui
2142 1378 2256 1439 hac
2303 1377 2373 1439 de
2420 1397 2482 1440 re
2525 1380 2819 1456 iudicant,
2867 1394 3113 1456 persua-

520 1503 649 1545 sum
697 1493 805 1547 est.
896 1484 1100 1562 Neque
1145 1486 1323 1560 igitur
1368 1486 1575 1542 mirum
1623 1491 1731 1560 est,
1780 1483 1937 1561 quod
1982 1500 2163 1544 voces
2207 1483 2635 1561 postulantium
2682 1483 2897 1562 ubique
2941 1482 3108 1545 audi-

522 1599 730 1664 untur,
779 1598 847 1649 ut
889 1591 948 1648 in
983 1589 1302 1650 Gaisfordii
1351 1588 1727 1655 collationem
1773 1587 2053 1649 succedat
2097 1570 2349 1665 denique
2396 1587 2588 1647 altera.
2631 1604 2824 1665 eaque
2868 1605 3111 1649 accura—
3174 1616 3180 1625 ·

522 1697 654 1757 tior.
748 1695 990 1772 Aliquot
1050 1693 1283 1771 quidem
1348 1692 1569 1770 dialogi
1616 1692 1812 1753 denuo
1859 1692 2207 1770 legebantur
2251 1678 2508 1770 notaque
2554 1700 2642 1752 est
2688 1696 2747 1753 in
2794 1692 3114 1754 Germania

523 1797 782 1859 Jowettii
828 1798 1065 1861 collatio
1108 1797 1427 1875 Symposio
1473 1795 1771 1874 adhibita;
1832 1797 1936 1857 sed
1997 1814 2130 1857 cum
2176 1812 2251 1856 ea
2291 1813 2668 1874 nequaquam
2714 1799 2792 1857 sit
2836 1804 3114 1857 accurata

516 1901 738 1982 (nescio
772 1910 960 1963 utrum
992 1905 1178 1980 ipsius
1224 1920 1298 1963 an
1347 1901 1529 1962 Jahni
1580 1901 1753 1978 culpa
1800 1896 2120 1982 acciderit),
2184 1918 2413 1961 mecum
2457 1902 2710 1971 decrevi-
2738 1901 3113 1973 collationem

516 2025 552 2066 a
597 2026 691 2067 me
740 2009 957 2069 factam
1005 2004 1101 2066 hic
1145 2024 1276 2066 cum
1322 2009 1393 2066 iis
1428 2007 1882 2088 communicare,
1930 2008 2029 2083 qui
2076 2021 2275 2065 amore
2319 2005 2481 2069 illum
2520 2008 2938 2087 suavissimum
2986 2005 3112 2087 dis·

514 2113 717 2188 logum
764 2110 1212 2189 amplectuntur.
1307 2110 1461 2172 Usus
1508 2118 1704 2169 autem
1750 2128 1881 2169 sum
1929 2113 1988 2168 in
2036 2109 2186 2170 libro
2232 2108 2586 2170 conferendo
2632 2110 2889 2170 editione
2935 2111 3001 2173 O.
3043 2110 3115 2174 F..

518 2217 843 2276 Hermanni
890 2220 1246 2293 enotaviquc
1293 2216 1386 2276 vel
1433 2215 1750 2275 levissima.
1853 2213 1984 2290 Quo
2044 2215 2197 2273 facto
2261 2230 2497 2291 operam
2558 2232 2747 2274 meam
2810 2232 2942 2276 cum
3001 2214 3110 2275 Jo-

515 2322 695 2379 wettii
742 2336 921 2398 opera
968 2321 1187 2381 contuli
1237 2320 1528 2396 nobisque
1575 2318 2058 2378 dissentientibus
2102 2318 2312 2377 librum
2359 2317 2551 2378 denuo
2598 2320 2859 2398 inspexi,
2921 2322 3007 2380 ita
3054 2329 3114 2380 ut

517 2431 753 2501 putem,
800 2440 954 2502 quae
998 2425 1094 2485 hic
1137 2423 1470 2502 suppedito,
1515 2426 1773 2485 numeris
1819 2440 1951 2484 esse
1997 2422 2290 2485 absoluta.

586 2568 844 2646 συμπόσιον
915 2571 952 2654 ἢ
1020 2574 1130 2650 περὶ
1164 2558 1339 2651 {pm-coc
1408 2571 1590 2656 ἠθικός.
1671 2574 1736 2630 In
1773 2594 1874 2645 mg.
1912 2572 2021 2647 περὶ
2057 2568 2245 2655 ἀγαθῷ
2281 2578 2398 2629 fort.
2436 2594 2504 2630 m.
2541 2575 2815 2645 paululum
2851 2584 3045 2631 recent.

516 2698 640 2751 pag.
660 2682 796 2738 .139.
830 2687 893 2737 A.
947 2684 1000 2739 2.
1054 2682 1259 2757 πρώιην.
1337 2685 1412 2740 3.
1459 2680 1541 2742 τίς.
1646 2683 1697 2738 4.
1743 2699 2021 2756 περιμενεις.
2090 2681 2250 2736 Falso
2296 2681 2460 2736 Jahn.
2518 2680 2780 2756 περιμένεις
2882 2682 2933 2737 4.
2979 2675 3119 2755 κᾶγῶ

1098 2788 1240 2838 supr.
1279 2788 1312 2823 α
1346 2775 1409 2822 ut
1438 2790 1486 2824 v.
1523 2786 1720 2825 recens.

827 2857 891 2912 B.
949 2858 995 2912 1.
1052 2854 1303 2911 συνουσίαν
1337 2863 1398 2912 ut
1433 2859 1500 2912 V.
1603 2858 1651 2910 7.
1689 2845 1726 2933 ἦ
1763 2845 1847 2914 δὸς
1913 2855 1941 2908 δ
1978 2869 2096 2909 cum
2133 2842 2460 2925 deligatum.
2529 2856 2581 2911 7.
2615 2850 2728 2910 cim&
2769 2799 2887 2927 (sic)
2922 2848 3079 2912 acc'

1048 2947 1326 2998 recentior.

827 3034 884 3088 0.
951 3032 1001 3086 1.
1050 3050 1109 3107 η.
1174 3031 1227 3086 2.
1263 3025 1409 3086 ου’θὲν
1445 3033 1582 3088 nihil
1615 3029 1791 3100 supra.
1861 3032 1911 3086 4.
1946 3021 2025 3107 ἧν.

525 3149 647 3203 pag.
691 3135 813 3190 140.
845 3138 900 3189 Ο.
954 3136 1004 3191 6.
1058 3134 1202 3207 ἀφοῦ,
1271 3138 1325 3193 8.
1360 3136 1412 3210 ἡ.
1481 3138 1532 3191 8.
1567 3135 1789 3210 πράττηι.
1862 3136 1912 3191 8.
1950 3132 2046 3189 ἐστὶ
2079 3134 2191 3190 sed.
2226 3152 2324 3192 ras.
2360 3142 2480 3204 post
2515 3132 2545 3187 ι’..

827 3243 887 3294 Δ.
944 3241 988 3294 1.
1045 3237 1257 3312 οἰόμενός
1291 3260 1350 3300 τι.
1422 3243 1475 3296 2.
1513 3232 1610 3316 ξῆξ
1649 3257 1754 3295 ras.
1825 3241 1875 3294 2.
1910 3230 2021 3296 ὅπου
2059 3255 2166 3296 ουν.
2239 3240 2289 3294 2.
2324 3214 2445 3292 νυνὶ
2483 3230 2636 3294 αοο.’
2687 3247 2750 3296 ut
2782 3243 2889 3297 vid.
2920 3259 3104 3308 ‚reeen-

1068 3329 1183 3379 tior.
1256 3329 1309 3388 3.
1342 3325 1479 3398 κάγὼ
1516 3344 1622 3382 cor.
1659 3328 1875 3380 videtur
1907 3325 2170 3380 recentior
2205 3343 2335 3382 esse.
2405 3326 2456 3381 7.
2493 3317 2611 3399 ἆρα.
2681 3327 2735 3384 8.
2772 3319 2825 3404 ἦ.

872 3450 885 3465 .
974 3449 991 3468 .
1042 3404 1120 3488 ἧν.
1195 3414 1243 3468 1.
1279 3406 1538 3487 ἅλλοσπερ.
1608 3413 1657 3468 2.
1698 3411 1747 3467 ἀ.
1768 3452 1783 3467 .
1818 3409 1860 3465 εἱ
1892 3427 1997 3466 ras.

870 3538 885 3553 .
973 3534 992 3557 .
1044 3492 1099 3553 ὅτ
1095 3493 1193 3554 Ἓν.
1266 3501 1317 3556 5.
1367 3491 1515 3563 ὅτ’ᾅν.
1585 3502 1636 3554 7.
1672 3497 1913 3587 “hffliffli'
1983 3513 2083 3553 ras.
2120 3505 2213 3553 aut
2247 3501 2467 3553 macula.
2538 3500 2590 3556 8.
2626 3494 2783 3555 οἴεσθέ
2818 3519 2879 3555 τι.

974 3647 987 3662 .
1043 3606 1282 3682 ἡγεῖσθαι.
1355 3607 1406 3664 4.
1446 3606 1538 3663 αἰεί
1573 3615 1644 3664 ut.
1683 3611 1748 3663 V.
1819 3611 1871 3666 4.
1908 3607 2002 3664 αἰεὶ
2035 3611 2150 3684 γὰρ.

822 3415 868 3465 Β
945 3415 965 3466 1

828 3502 869 3554 C
940 3501 971 3555 3

825 3611 888 3660 D.
943 3611 963 3663 1

519 3727 642 3782 pag.
681 3710 801 3764 141.
834 3709 900 3764 D.
948 3712 1002 3765 7.
1055 3710 1233 3765 ὁποθιν
1267 3729 1401 3765 ποτε.
1471 3713 1520 3767 8.
1558 3712 1610 3766 τὸ
1647 3712 1875 3784 μαλακὸς.
1945 3716 2007 3770 9.-
2035 3712 2127 3770 αἰεὶ
2162 3721 2223 3769 ut
2257 3718 2322 3772 V.
2435 3701 2442 3708 ⁰

823 3800 888 3851 E.
944 3800 992 3854 6.
1048 3799 1220 3852 τοιοῖὸἐ
1255 3816 1389 3856 τινες.

820 3907 867 3959 A
941 3905 963 3960 1

975 3943 990 3959 .
1043 3902 1270 3977 ἐξαρχῆς.
1306 3941 1311 3944 -
1411 3906 1461 3961 3.
1498 3882 1630 3978 γὰ’ρ.
1781 3907 1830 3961 3.
1876 3904 2160 3979 λελουμένόν
2206 3927 2274 3964 τι.
2399 3909 2450 3963 4.
2498 3907 2723 3976 maurice.
2758 3929 2829 3968 m.
2866 3929 2971 3968 rec.
3008 3914 3115 3969 del.

1049 4010 1160 4047 acc.
1209 4008 1351 4062 supr.
1402 4011 1436 4047 α
1480 4000 1535 4048 et
1579 4011 1703 4062 pon.
1750 4009 1863 4049 ccc.
1908 4001 2050 4065 su'pr.
2099 4011 2180 4051 αυ.
2305 3996 2356 4054 6.
2409 3994 2621 4068 ἐρέσθαι.
2742 4000 2794 4054 9.
2846 4017 2879 4071 η
2917 3998 2944 4053 δ
2980 3998 3050 4059 ὸς.
3086 3998 3116 4053 ὃ

1049 4097 1169 4134 cum
1207 4078 1259 4139 ὸς
1292 4081 1439 4149 ligat.
1477 4083 1614 4136 falso
1650 4081 1817 4137 Jahn.

825 4169 888 4221 B.
939 4168 985 4222 1.
1040 4165 1161 4239 πρὸς
1196 4183 1267 4221 το.
1340 4167 1389 4223 1.
1429 4165 1621 4222 ἀνιέναι.
1716 4169 1763 4224 1.
1799 4168 1892 4224 ἐπι.
1965 4170 2014 4225 1.
2121 4168 2275 4241 καγὼ.
2371 4170 2430 4240 ι3.
2464 4189 2568 4244 την.
2670 4172 2723 4228 4.
2762 4170 2883 4228 ἱᾶσιν
2916 4190 2999 4244 pr.
3037 4191 3109 4231 m.

1048 4248 1168 4326 ἷᾳσιν
1203 4254 1278 4309 11.
1310 4272 1386 4328 ιιι.
1421 4255 1593 4309 deleto
1628 4261 1844 4312 accentu
1880 4255 2125 4326 circumfl.

835 4343 898 4395 O.
955 4340 1003 4396 3.
1058 4337 1318 4399 ἐστιῶντος.

514 4461 638 4518 pag.
681 4445 794 4500 142.
831 4446 897 4499 D.
956 4447 1001 4499 1.
1056 4441 1175 4497 ἱέναι
1245 4447 1292 4500 1.
1346 4444 1512 4520 θοίνην
1562 4465 1664 4501 ras.
1721 4465 1865 4516 supr.
1912 4467 1958 4520 η.
2016 4465 2126 4502 acc.
2177 4468 2318 4520 supr.
2377 4469 2422 4505 οι
2472 4470 2544 4509 m.
2590 4459 2788 4508 recent.
2890 4454 2937 4507 1.
2992 4444 3112 4525 ἄρα.

946 4531 997 4586 1.
1052 4529 1203 4602 ἄγων.
1299 4532 1345 4589 1.
1400 4550 1458 4603 με
1491 4551 1548 4585 τι.
1637 4532 1690 4587 3.
1744 4532 1857 4589 ὁδοῦ
1892 4549 1988 4605 pro
2026 4534 2051 4592 ὁ
2087 4541 2190 4594 τοῦ.
2240 4537 2447 4596 Jahnus
2483 4535 2639 4596 erm.
2717 4540 2778 4594 Δ.
2834 4533 3119 4614 &Uaga-tv.-

944 4619 995 4679 4.
1050 4617 1192 4697 σφὸς.
1264 4619 1318 4677 ὅ.
1356 4617 1493 4682 ἱέναι.
1562 4620 1611 4679 6.
1647 4628 1773 4681 πῶς.
2169 4663 2174 4668 .
