3509 5375
2820 478 2941 545 158

352 623 686 724 ποῦμενοιῑ
721 634 1166 722 διαφθείρονται
1208 621 1324 723 γάρ
1368 655 1486 700 που
1529 633 1672 700 ἔνιοι
1714 655 1787 699 τα
1836 623 2110 718 ὄμματα,
2156 632 2261 700 ἐᾶν
2305 657 2388 719 μη
2433 633 2494 699 ἐν
2541 625 2714 700 οδατι
2755 626 2799 719 ἤ
2843 656 2949 701 τινι

352 736 604 838 τοιούτῳ
663 747 1006 809 σκοπῶνται
1058 735 1168 826 τὴν
1227 730 1430 808 εἰκόνα
1493 731 1700 807 αότοό.
1805 742 1898 803 Ad
1955 739 2096 808 ἔνιοι
2151 746 2212 804 in
2271 743 2357 809 cl.
2420 761 2541 822 mg.
2595 743 2944 805 adnotatum

354 834 559 914 ἐνιότε.
661 851 730 911 In
789 850 931 914 Vat.
977 845 1025 912 Δ
1085 844 1270 913 ἐνίοτε
1330 850 1547 910 omisso
1598 834 1698 910 τά.
1804 848 2015 910 Nescio
2074 866 2215 909 num
2273 848 2432 910 idem
2476 847 2619 910 velit
2662 864 2810 909 corr.
2857 847 2945 908 Ol.

356 954 652 1016 Atticulae
695 945 772 1014 τὰ
816 961 957 1016 ante
1003 945 1248 1037 ὄμματα
1293 969 1412 1014 nou
1460 953 1665 1014 deesse
1708 960 1934 1031 potest3
1984 969 2176 1031 neque
2215 954 2397 1031 igitur
2441 970 2702 1030 unquam
2747 971 2945 1013 assen—

352 1062 562 1123 tiemur
606 1058 822 1135 legenti
865 1053 1010 1120 ἔνιοι
1054 1048 1318 1140 ὄμματα.
1439 1058 1527 1118 Ac
1569 1075 1645 1118 ne
1691 1051 1878 1119 ἐνίοτε
1923 1057 2158 1135 quidem
2219 1075 2357 1118 cum
2401 1056 2647 1117 articulo
2692 1058 2945 1118 feremus

352 1171 592 1243 propter
649 1165 1108 1225 enuntiationem
1168 1165 1575 1241 insequentem
1637 1152 1743 1224 ἐὰν
1802 1152 1885 1242 μὴ
1947 1180 2099 1240 quae
2142 1162 2287 1222 illud
2346 1155 2538 1224 ἐνίοτε
2592 1178 2943 1240 supervaca-

350 1286 527 1331 neum
568 1267 778 1329 reddit.
832 1301 920 1313 —-
987 1265 1123 1328 102'
1153 1268 1225 1327 E.
1271 1261 1466 1329 ἐκεῖνο
1513 1261 1583 1327 δὲ
1649 1253 1724 1327 οιῗ
1785 1253 2123 1348 τετόλμηκε
2166 1260 2323 1347 μέγα
2367 1254 2440 1327 ὃν
2486 1258 2731 1348 σμικρὸν
2777 1259 2945 1331 εἶναι.

352 1371 439 1434 Cl.
487 1365 711 1442 ἐκεῖνος
753 1367 826 1434 δὲ
866 1364 1266 1455 τετόλμηκενς
1342 1374 1403 1432 in
1462 1390 1579 1450 mg.
1623 1363 1816 1433 ἐκεῖνο
1861 1365 1933 1432 ὸὲ
1975 1359 2053 1432 ου’
2081 1353 2461 1453 τετόλμηκεν.
2557 1371 2708 1432 Tub.
2753 1366 2947 1435 ἐκεῖνο

353 1490 833 1627 δὲουτετόλμηκε.
949 1546 1172 1607 Verum
1227 1552 1319 1607 est
1375 1546 1532 1624 quod
1589 1547 1650 1606 in
1713 1563 1834 1622 mg.
1882 1544 1971 1607 01.
2031 1545 2300 1622 legimus.
2360 1578 2446 1591 —-
2506 1545 2633 1606 108
2665 1545 2739 1609 A.
2787 1539 2947 1607 ἐκεῖ·

348 1668 450 1721 νος
491 1645 599 1731 μὲν
641 1642 754 1730 γὰρ
801 1633 997 1731 οἷπλῆν
1042 1638 1211 1731 οἷμόν
1256 1656 1430 1730 φησιν
1492 1642 1577 1718 εἷς
1619 1638 1836 1711 Ἅιδου
1894 1642 2131 1729 φέρειν,
2189 1633 2233 1729 ἦ
2294 1638 2349 1710 δ’
2404 1636 2553 1710 οὔτε
2596 1641 2763 1730 ἁπλῆ
2806 1638 2949 1710 οὔτε

349 1750 458 1836 μία
504 1748 779 1835 φαίνεταί
832 1771 934 1836 μοι
990 1746 1174 1815 εἶναι·
1233 1741 1381 1815 οόδὲ
1423 1745 1540 1834 γὰρ
1588 1744 1661 1814 ἂν
1703 1737 2010 1834 ἡγεμόνων
2054 1749 2197 1814 ἔδει.
2288 1741 2384 1815 Οιῖ
2423 1737 2540 1833 γάρ
2584 1739 2704 1814 ποό
2742 1772 2828 1824 τις
2873 1744 2948 1814 ἄν

350 1915 667 2009 διαμάρτοι
698 1916 1006 2010 οόδαμόσε
1049 1927 1189 2009 μιᾶς
1232 1919 1382 1988 ὁδοῦ
1429 1915 1636 2008 οὔσης.
1703 1925 1774 1987 In
1807 1926 1893 1989 cl.
1942 1851 2173 2007 οδὸεγάρ
2204 1943 2343 1988 που.
2409 1924 2636 1987 Vitium
2666 1935 2948 2005 apertum.

353 2033 507 2098 Tub.
551 2028 621 2095 δὲ
665 2052 781 2095 non
827 2035 1116 2111 agnoscit.
1150 2066 1228 2075 —
1269 2034 1387 2091 112
1421 2032 1490 2092 Ε.
1529 2021 1798 2112 Ἀχέρων
1844 2019 1917 2091 δι’
1959 2021 2201 2113 ἐρήμων
2245 2049 2313 2092 τε
2354 2017 2554 2092 τόπων
2598 2016 2697 2112 ῥεῖ
2741 2020 2948 2094 ἄλλων

350 2130 455 2198 καὶ
497 2129 572 2219 δὴ
616 2131 717 2198 καὶ
761 2122 879 2199 dito*
936 2136 1043 2218 γῆν
1089 2120 1247 2219 ῥέων
1293 2128 1378 2205 εἷς
1420 2127 1524 2215 τὴν
1569 2131 1778 2218 λίμνην
1839 2125 2189 2217 ἀφικνεῖται.
2266 2134 2399 2200 Om.
2448 2136 2601 2197 Tub.
2663 2130 2766 2197 καὶ
2809 2144 2948 2198 ante

352 2224 486 2302 ὗπό.
575 2242 663 2307 Ol.
708 2245 768 2302 in
811 2243 1031 2319 mgine.
1117 2242 1251 2302 Non
1296 2241 1488 2301 audeo
1532 2233 1633 2302 καὶ
1678 2241 1810 2303 loeo
1855 2256 2115 2303 movere.

521 2395 802 2459 Fortasse
844 2404 1092 2476 quaerat
1134 2399 1450 2476 quispiam,
1499 2413 1655 2476 quae
1699 2399 1853 2458 ratio
1900 2396 2065 2458 libris
2106 2398 2192 2461 cl.
2240 2392 2306 2481 (Ι
2336 2393 2446 2478 ιιι.)
2494 2400 2555 2459 et
2584 2396 2949 2474 Tubingensi

351 2520 486 2564 cum
508 2501 646 2565 Vat.
667 2498 715 2563 Δ
736 2502 890 2567 Ven.
914 2501 969 2565 Π
1005 2520 1153 2581 quos
1192 2519 1393 2563 omnes
1424 2502 1685 2575 eiusdem
1722 2502 1980 2563 familiae
2016 2519 2144 2564 esee
2180 2505 2330 2564 inter
2365 2520 2567 2563 omnes
2596 2510 2843 2580 constat,
2889 2505 2950 2563 in

350 2606 673 2671 Phaedone
729 2607 1075 2671 intercedat.
1178 2606 1353 2687 Quod
1428 2614 1493 2667 ut
1561 2608 1855 2684 possimus
1930 2605 2265 2685 explorare,
2330 2608 2583 2668 Bekkeri
2645 2614 2704 2668 et
2761 2609 2978 2698 Bastii¹

353 2712 699 2774 collationes
753 2713 1065 2774 adeundae
1100 2721 1291 2791 sunt,
1351 2731 1506 2790 quae
1566 2719 1764 2774 tamen
1808 2730 2183 2790 nequaquam
2248 2715 2328 2773 ita
2372 2720 2508 2773 sunt
2553 2723 2944 2793 comparatae,

356 2822 421 2875 ut
476 2834 551 2876 ex
606 2818 679 2875 iis
744 2825 934 2878 certas
992 2817 1395 2878 conclusiones
1458 2815 1666 2877 elicere
1731 2833 1936 2894 queas.
2039 2815 2193 2892 Quid
2241 2816 2502 2878 dicamus
2546 2817 2620 2876 de
2663 2819 2950 2897 Bekkero‚

356 2922 456 2997 qui
501 2913 612 2980 etsi
657 2920 1032 2982 Gaisfordius
1075 2920 1300 2999 aliquid
1342 2939 1525 2999 supra
1567 2921 1786 2981 lineam
1825 2937 1954 2981 esse
1983 2920 2341 2998 adscriptum
2377 2920 2704 3025 adnotavit,
2749 2931 2948 2983 tamen

353 3023 692 3102 simpliciter
735 3024 852 3086 hoc
897 3023 1213 3088 Glarkiano
1257 3027 1369 3103 ipsi
1414 3024 1726 3087 tribuerit?
1773 3023 2083 3101 Quomodo
2128 3032 2292 3086 certa
2335 2998 2563 3087 efficere
2605 3029 2851 3104 poteris,
2899 3030 2950 3087 si

354 3128 598 3192 eandem
641 3132 937 3192 rationem
981 3132 1041 3190 in
1085 3129 1239 3192 Ven.
1282 3126 1340 3191 11
1384 3136 1443 3191 et
1486 3130 1625 3194 Vat.
1669 3123 1715 3191 A
1760 3136 2002 3192 secutus
2055 3129 2190 3190 est?
2252 3128 2448 3206 Quare
2493 3148 2624 3194 cum
2671 3133 2943 3194 cautione

353 3234 502 3296 haec
544 3242 789 3313 accepta
833 3233 1046 3295 velim.

443 3334 514 3422 1)
559 3339 640 3400 Et
693 3339 830 3398 Vat.
875 3332 923 3399 Δ
965 3346 1021 3399 ct
1074 3337 1220 3402 Vm.
1267 3334 1322 3399 11
1378 3338 1748 3398 secundariis
1805 3337 2145 3400 lectionibus
2200 3339 2550 3417 interpolati
2606 3345 2765 3399 eunt.
2872 3338 2946 3400 cf.

563 3445 644 3506 60
693 3443 760 3506 Ο.
818 3444 917 3505 ubi
979 3459 1052 3503 ex
1111 3443 1326 3505 testim.
1387 3441 1644 3502 Bekkeri
1703 3450 1763 3502 et
1821 3444 2010 3503 Bastii
2068 3443 2209 3505 Vat.
2254 3437 2302 3504 A
2359 3443 2510 3504 Ven.
2554 3439 2609 3504 11
2665 3441 2948 3519 praebent

557 3542 618 3609 ἐν
694 3546 785 3636 τῷ
868 3541 1071 3608 σκέλει
1149 3533 1442 3626 πρότερον
1535 3539 1650 3625 (cl.
1716 3532 2008 3625 πρότερον
2100 3549 2162 3605 in
2229 3564 2348 3624 mg.
2424 3546 2577 3606 Tub.
2640 3541 2948 3625 om.)—

561 3653 642 3711 60
688 3652 765 3711 D.
825 3666 973 3710 οταν
1031 3667 1108 3730 με
1167 3635 1343 3718 αυθις
1410 3643 1629 3739 ἐρωτα.
1734 3648 1821 3709 Ol.
1880 3651 1941 3710 in
1999 3667 2123 3729 mg.
2183 3645 2391 3731 ἔρηται
2450 3649 2605 3729 quod
2665 3652 2724 3709 in
2784 3656 2946 3710 textu

559 3755 694 3817 Vat.
740 3749 788 3815 A
831 3753 986 3815 Ven.
1033 3749 1106 3814 11.
1169 3752 1388 3813 habere
1433 3753 1677 3812 Bantius
1723 3761 1782 3813 et
1824 3754 2014 3816 Bekk.
2063 3760 2373 3818 testantur.
2436 3787 2515 3798 —
2583 3755 2658 3814 61
2711 3752 2778 3813 C.
2822 3746 2945 3833 ἔφη

559 3858 737 3919 iidem
795 3858 996 3919 dicunt
1056 3857 1263 3918 adesse
1322 3860 1382 3917 in
1426 3857 1565 3920 Vat.
1610 3853 1658 3918 A
1704 3857 1854 3922 Ven.
1903 3856 1974 3920 Π.
2016 3892 2103 3903 —-
2164 3861 2243 3920 62
2291 3859 2365 3919 A.
2412 3851 2567 3920 ἐστιν
2609 3861 2671 3918 iu
2717 3857 2948 3920 duobus

558 3963 723 4026 libris
768 3968 1109 4041 repererunt
1136 3963 1322 4023 Bekk.
1353 3962 1520 4025 Bast.
1565 3995 1653 4008 --
1699 3965 1778 4024 63
1806 3964 1870 4024 G.
1915 3964 2105 4026 Bekk.
2136 3964 2302 4026 Bast.
2335 3952 2538 4033 οὕτως
2580 3971 2717 4042 post
2762 3950 2948 4033 αιῖτός

556 4069 616 4126 in
676 4062 724 4127 A
776 4063 831 4126 Π
895 4068 1328 4143 interpositum.
1421 4100 1502 4111 —-
1591 4069 1670 4128 63
1735 4068 1811 4129 D.
1893 4068 2084 4127 Bekk.
2150 4068 2315 4131 Baet.
2377 4063 2425 4128 A
2469 4064 2524 4129 11
2596 4059 2737 4137 τοΰς
2807 4075 2945 4129 ante

558 4164 1040 4250 διαλεγομένους.
1086 4200 1170 4213 -
1228 4172 1310 4229 64
1343 4171 1414 4230 D.
1449 4171 1639 4233 Bekk.
1671 4173 1838 4232 Bast.
1884 4166 1932 4233 A
1976 4170 2030 4234 Π
2074 4158 2155 4253 δή
2201 4167 2686 4252 (suprascriptum
2734 4173 2795 4231 in
2822 4169 2940 4253 cl.)

558 4281 696 4355 post
755 4263 829 4334 ἄν
852 4269 918 4356 ¹).
982 4305 1062 4318 --
1133 4274 1254 4334 115
1315 4274 1393 4338 D.
1448 4261 1720 4355 ἠγγυᾶτο
1768 4275 1855 4338 cl.
1920 4279 1979 4336 in
2040 4294 2160 4355 mg.
2219 4261 2588 4357 ἠγγυήσατο.
2695 4274 2838 4337 Vat.
2898 4271 2946 4337 A

495 4535 542 4604 ¹)
581 4536 710 4589 cum
759 4533 973 4588 Bantius
1017 4532 1198 4587 varlas
1242 4548 1431 4588 manus
1474 4550 1587 4594 aon
1633 4535 1961 4608 diutinum
2007 4534 2304 4614 videam.
2336 4536 2454 4590 eius
2486 4471 2847 4591 ammonium
2877 4533 2956 4642 de

353 4621 685 4696 {amentis
719 4622 897 4678 verbis
930 4636 1189 4681 mancum.
