3509 5375
578 510 702 580 148

572 690 762 777 rec.);
837 693 992 758 Tub.
1055 684 1373 779 θαρρήσει.
1488 683 1724 777 θάρρος
1791 691 1852 756 et
1914 674 2152 778 θάρσος
2217 718 2254 757 a
2311 683 2563 758 Platone
2629 688 3014 774 adhibentur3
3088 684 3161 759 cs.

571 799 736 860 Prot.
785 800 906 859 351
959 800 1034 862 A.
1081 784 1352 881 θάρσος;
1395 800 1581 860 multo
1628 801 1990 879 frequentius
2038 808 2232 862 tamen
2275 790 2524 885 θάρρος.

740 921 1045 982 Interdum
1091 940 1248 983 man.
1294 923 1370 983 11.
1416 926 1475 982 in
1520 924 1606 985 01.
1655 924 1801 984 talia
1845 923 2121 1003 praebet,
2183 942 2336 1002 quae
2380 924 2649 988 Platonis
2694 943 2821 986 esse
2864 942 2982 987 non
3026 942 3160 1004 pos·

568 1028 751 1087 simus
797 1041 1032 1103 negare.
1140 1026 1259 1087 Sed
1305 1026 1376 1086 de
1419 1026 1510 1086 his
1555 1027 1907 1089 lectionibus
1952 1036 2150 1106 potest
2195 1029 2308 1089 dici
2353 1029 2512 1106 quod
2561 1030 2818 1092 Cobetus
2866 1029 2936 1089 de
2980 1028 3158 1089 libro·

568 1148 695 1190 rum
728 1129 1079 1190 deteriorum
1101 1131 1547 1192 Platonicorum
1577 1131 1931 1192 lectionibus
1963 1132 2105 1195 dicit
2136 1134 2378 1213 (Mnem.
2398 1135 2536 1197 Vol.
2558 1133 2655 1194 IX
2680 1128 2902 1216 (1860)
2924 1151 2982 1210 p.
3010 1129 3159 1214 337)

575 1233 677 1313 „Si
708 1234 849 1313 quid
881 1252 952 1295 ex
978 1237 1052 1297 iis
1095 1234 1192 1296 hic
1238 1236 1356 1296 illie
1385 1238 1680 1314 profertur
1710 1237 1848 1297 boni
1896 1239 1957 1296 in
2003 1239 2076 1297 iis
2107 1236 2274 1315 locis,
2320 1238 2421 1298 ubi
2451 1236 2722 1298 meliores
2768 1237 3028 1297 titubant
3058 1246 3162 1297 aut

571 1341 1043 1420 hallucinantur,
1090 1341 1333 1402 debetur
1379 1360 1522 1403 vera
1566 1342 1742 1403 lectio
1787 1358 1905 1402 non
1952 1341 2316 1403 fidelioribus
2360 1344 2528 1403 libris
2575 1345 2831 1421 antiquis
2877 1343 3018 1403 olim
3065 1341 3162 1402 de-

566 1444 838 1523 perditis,
898 1445 1054 1505 unde
1099 1445 1182 1505 illi
1227 1456 1646 1525 manaverunt,
1713 1445 1819 1506 sed
1863 1444 2086 1506 sollerti
2136 1449 2508 1508 coniecturae
2569 1455 2628 1507 et
2689 1446 2843 1507 felici
2889 1445 3161 1507 emenda·

568 1552 730 1628 tioni,
777 1550 981 1627 quales
1029 1568 1263 1628 semper
1308 1552 1536 1612 acutior
1588 1550 1802 1628 aliquis
1862 1552 2012 1611 inter
2067 1550 2387 1626 legendum
2430 1554 2766 1629 excogitare
2809 1559 2872 1612 et
2913 1552 3160 1630 reperire

566 1653 778 1716 solet.“
870 1653 1181 1714 Falluntur
1225 1656 1434 1731 igitur,
1481 1657 1579 1733 qui
1626 1655 1786 1733 quod
1831 1650 1929 1713 hic
1971 1654 2093 1714 illic
2139 1672 2349 1714 manus
2394 1655 2454 1714 11
2498 1671 2641 1715 vera
2684 1655 2965 1733 praebet,
3025 1653 3158 1713 inde

567 1758 922 1819 concludant
968 1761 1023 1820 ei
1054 1760 1302 1843 multum
1348 1775 1480 1820 esse
1525 1757 1916 1823 tribuendum.
2004 1758 2196 1819 Immo
2241 1759 2394 1820 bene
2439 1776 2558 1820 rem
2603 1774 2893 1837 geremus,
2937 1761 2988 1819 si
3034 1758 3160 1818 ubi·

569 1880 683 1941 que
725 1863 1006 1924 lectiones
1053 1863 1352 1925 Clarkiani
1399 1858 1456 1947 (Ι
1499 1860 1600 1945 m.)
1660 1871 1719 1925 et
1764 1861 2161 1938 Tubingensis
2204 1866 2664 1942 servaverimus,
2707 1865 2821 1924 nisi
2866 1863 3012 1924 sorte
3051 1878 3159 1922 eae

566 1976 671 2029 aut
700 1968 1127 2047 grammaticae
1172 1977 1275 2028 aut
1316 1970 1641 2030 sententiae
1684 1967 2091 2030 adversantur.
2176 1968 2247 2029 In
2291 1968 2423 2029 aliis
2470 1975 2669 2029 autem
2714 1968 2859 2029 locis
2904 1965 2982 2026 ad
3024 1982 3161 2028 con·

566 2076 848 2133 tecturam
881 2074 1284 2148 confugiemus
1313 2080 1693 2151 nostramque
1724 2075 2009 2151 potiorem
2044 2071 2264 2133 habere
2293 2088 2473 2150 quam
2506 2072 2727 2134 librarii
2762 2073 3157 2133 coniecturam

567 2177 732 2238 nulla
777 2196 839 2238 re
883 2177 1276 2255 prohibemur.
1352 2176 1472 2238 Sed
1514 2177 1843 2238 indicemus
1886 2176 2070 2254 locos,
2114 2176 2217 2237 ubi
2262 2194 2403 2237 vera
2448 2178 2811 2239 coniectasse
2856 2175 3158 2236 librarium

566 2282 679 2342 sibi
723 2289 1143 2360 persuaserunt
1187 2282 1475 2343 editores:
1526 2284 1605 2344 60
1636 2283 1708 2347 Β.
1754 2281 1827 2342 In
1859 2282 1947 2347 01.
1994 2299 2174 2362 supra
2216 2273 2289 2344 το“
2336 2286 2615 2362 scriptum
2661 2292 2750 2344 est
2794 2283 2847 2342 ῶ
2891 2284 2933 2345 i.
2980 2301 3032 2342 e.
3073 2280 3162 2370 ‘tq'

569 2419 648 2431 —
699 2388 779 2447 60
807 2388 876 2447 Ε.
922 2381 1207 2448 ἐνυπνίων
1254 2388 1424 2449 τινῶν
1458 2373 1957 2470 ἀποπειρώμενος
1998 2382 2057 2448 τί
2096 2380 2276 2468 λέγει.
2354 2382 2441 2450 01.
2475 2387 2626 2449 Tub.
2673 2381 2882 2464 λέγειν.
2962 2385 3053 2448 01.
3101 2389 3158 2444 in

565 2510 685 2568 mg.
726 2486 785 2551 τί
828 2485 1004 2572 λέγει,
1049 2491 1196 2553 haec
1224 2501 1312 2552 est
1340 2493 1567 2553 facilior
1607 2495 1944 2554 coniectura
1988 2510 2165 2570 quam
2211 2486 2378 2570 λέγοι
2407 2491 2563 2569 quod
2610 2509 2728 2554 rec.
2760 2491 2831 2550 Β.
2878 2491 2950 2553 ef.
2985 2489 3157 2568 Apol.

567 2598 644 2654 21
696 2595 768 2655 Β.
815 2627 896 2641 -
946 2598 1024 2657 63
1072 2599 1148 2660 A.
1195 2614 1342 2660 corr.
1388 2614 1463 2656 m.
1510 2596 1592 2656 11.
1638 2601 1697 2658 in
1745 2596 1899 2660 Tub.
1946 2604 2006 2657 et
2047 2600 2110 2657 in
2158 2595 2246 2657 01.
2291 2614 2366 2656 cx
2413 2584 2721 2658 ἀπολιπών
2767 2615 2956 2673 praes.
3005 2585 3159 2656 άπο-

564 2694 790 2763 λείπων
835 2702 990 2779 quod
1035 2702 1226 2763 solum
1272 2721 1474 2763 verum
1522 2712 1631 2767 est.
1723 2701 1950 2764 Vitium
2012 2720 2083 2763 ex
2142 2706 2411 2763 itacismo
2474 2711 2678 2763 natum
2742 2703 2912 2762 facile
2972 2702 3160 2779 potuit

567 2806 782 2883 detegi.
841 2839 922 2851 -
988 2809 1066 2868 63
1112 2793 1189 2871 D.
1248 2816 1405 2870 recte
1448 2797 1568 2885 ing.
1618 2806 1706 2871 01.
1738 2795 2005 2888 ’φράζειν
2064 2826 2171 2885 pro
2221 2802 2573 2887 φροντίζειν.
2663 2807 2857 2867 Etiam
2902 2808 2963 2866 in
3009 2803 3160 2866 Tub.

565 2918 910 2970 correctum.
943 2944 1022 2956 —-
1060 2913 1137 2973 65
1173 2913 1243 2976 Ε.
1290 2907 1517 2982 ἐκεῖνος
1563 2899 1636 2973 ἄν
1680 2899 1968 2994 ποιήσειε.
2045 2913 2133 2974 01.
2177 2898 2430 2992 ποιη’σηι
2472 2930 2767 2990 suprascr.
2813 2927 2935 2972 σειε
2979 2909 3160 2991 (Tub.

562 3000 833 3096 ποιήσῃ).
863 3046 947 3060 -
983 3017 1061 3076 69
1096 3015 1168 3075 Β.
1199 3024 1356 3078 recte
1398 3019 1461 3077 in
1495 3016 1583 3081 01.
1619 3013 1786 3099 (mg.)
1832 3025 1892 3078 et
1919 3016 2073 3077 Tub.
2117 3035 2222 3096 pro
2255 3005 2821 3078 {Htw-correctum
2855 2997 3160 3096 άλλήλων.

567 3221 647 3236 --
698 3191 777 3250 69
810 3190 880 3250 Ε.
925 3207 1104 3268 supra
1144 3183 1377 3272 ἑτέροις
1405 3194 1683 3269 scriptum
1730 3209 1808 3252 αι.
1859 3222 1938 3236 -
1990 3191 2067 3251 73
2101 3192 2173 3250 Β.
2216 3198 2376 3251 recte
2423 3191 2505 3253 01.
2551 3116 2676 3272 μὲνΓ
2703 3179 2797 3254 ἄν.
2848 3222 2927 3236 -—-
2980 3189 3060 3250 74
3086 3189 3158 3249 A.

563 3279 769 3373 ἕτερόν
812 3313 893 3370 τι,
942 3282 1089 3355 αότό
1132 3284 1202 3354 τὸ
1248 3288 1403 3359 ἴσον.
1450 3294 1538 3358 01.
1587 3294 1738 3358 Tub.
1784 3277 1932 3355 αότό
1975 3311 2044 3355 τε
2086 3288 2238 3357 ἴσον.
2306 3295 2376 3355 In
2421 3313 2542 3374 mg.
2577 3296 2662 3358 01.
2703 3279 2797 3358 τό.
2845 3325 2926 3342 --
2977 3297 3054 3355 75
3090 3295 3159 3357 Ε.

561 3416 670 3476 pro
716 3387 872 3460 αὸτᾶ
918 3400 1076 3477 quod
1109 3400 1195 3461 01.
1225 3399 1376 3462 Tub.
1423 3398 1622 3478 habet,
1667 3418 1745 3460 m.
1776 3399 1840 3459 11
1885 3402 1946 3459 in
1991 3417 2108 3477 mg.
2143 3398 2232 3463 01.
2278 3407 2434 3461 recte
2478 3418 2591 3465 scr.
2627 3400 2854 3478 ταῦτας
2900 3417 3036 3459 nam
3082 3387 3159 3459 τοὶ

561 3492 783 3564 ἐνθάδε
827 3504 1074 3581 intelligi
1117 3504 1246 3564 vult
1288 3506 1555 3583 scriptor.
1586 3537 1670 3549 —
1718 3507 1799 3564 79
1834 3504 1898 3564 0.
1945 3490 2091 3568 ὅταν
2137 3498 2243 3584 μέν
2289 3536 2370 3550 -
2415 3487 2553 3565 τότε
2597 3499 2725 3586 μέν.
2800 3504 2884 3566 01.
2918 3511 2975 3565 et
3006 3503 3158 3563 Tub.

628 3622 684 3658 π
1683 3622 1747 3658 ἴα

559 3664 648 3742 τό.
683 3712 764 3726 -
799 3680 881 3741 80
905 3680 977 3743 Α.
1010 3667 1171 3740 κατὰ
1198 3677 1407 3743 ταῦτα.
1475 3678 1562 3739 01.
1585 3665 1883 3742 κατάυτά.
1946 3677 2101 3740 Tub.
2135 3670 2294 3742 κατὰ
2331 3662 2546 3741 ταότά.
2610 3678 2835 3742 Eodem
2868 3677 3046 3740 modo
3068 3677 3157 3743 01.

568 3854 645 3913 78
670 3853 747 3914 D.
792 3779 1108 3916 καΤταυτά.
1152 3854 1350 3914 Etiam
1374 3852 1528 3918 Tub.
1554 3870 1702 3915 corr.
1737 3885 1819 3899 -
1862 3854 1938 3914 81
1975 3852 2044 3915 Ε.
2076 3843 2218 3923 τούς
2240 3839 2730 3934 μεμελητηκότας
2755 3844 2860 3913 καὶ
2889 3843 2973 3931 μή
3005 3849 3160 3911 διευ-

560 4021 955 4110 λαβημένοος.
1014 4028 1101 4092 01.
1148 3972 1691 4108 διευλαβοέμὲνους
1733 4024 1836 4109 (m.
1882 4023 2229 4109 recentiss.).
2272 4060 2355 4071 —-
2413 4027 2494 4087 82
2544 4027 2616 4087 A.
2661 4028 2764 4090 ποῖ
2808 4015 2883 4089 ἂν
2929 4016 3158 4091 ἄλλοσέ

563 4218 758 4283 φαμεν
805 4235 889 4248 -
934 4194 1084 4264 ἰέναι
1127 4203 1214 4265 01.
1261 4126 1410 4263 εἶνοιιᾶι
1453 4196 1558 4285 (m.
1604 4196 1745 4284 rec.)
1793 4234 1877 4246 —
1925 4202 2003 4261 82
2054 4201 2127 4264 A.
2176 4192 2238 4263 οἷ
2279 4190 2353 4262 ἂν
2399 4195 2629 4263 ἕκαστα
2669 4195 2752 4263 ἴοι
2806 4202 2892 4265 01.
2938 4123 3154 4286 ἦιοῖῄιι.

560 4304 723 4389 rec.).
790 4294 837 4389 ἧ
902 4308 1053 4369 Tub.
1138 4307 1247 4351 -“
1311 4307 1390 4366 82
1436 4287 1521 4366 DJ
1584 4306 1826 4368 dubium
1911 4326 1987 4368 an
2065 4295 2225 4369 α’λλοὶ
2306 4296 2391 4388 μὴ
2475 4293 2731 4388 σώματα
2794 4294 3159 4374 πλάττοντες

559 4480 712 4555 ζῶσι
742 4483 843 4543 ubi
868 4480 953 4547 01.
986 4422 1507 4561 σώματῒρηοδεί,
1551 4481 1915 4559 sequendum
1959 4483 2069 4560 sit;
2113 4500 2251 4542 nam
2281 4480 2625 4544 Fischerum
2656 4486 2841 4544 secuti
2871 4484 3012 4543 Tur.
3042 4500 3152 4542 scr.

561 4639 741 4736 σῶμά
769 4673 843 4721 τι.
870 4689 957 4702 -
990 4656 1070 4715 83
1105 4655 1167 4718 0.
1202 4654 1384 4716 τοῦτο
1427 4641 1651 4735 πάσχει
1693 4656 1785 4718 01.
1826 4598 2057 4735 πάσχιῖ.
2098 4653 2207 4738 (m.
2253 4653 2325 4739 r.)
2371 4655 2513 4719 ibid.
2559 4648 2700 4739 περὶ
2741 4642 2782 4716 δ’
2828 4645 2905 4718 ἂν
2945 4644 3155 4741 πάσχῃ
