3509 5375
2805 476 2928 539 13⁷

340 674 407 717 τε
451 643 669 737 ἀρετὴν
715 647 819 717 καὶ
858 642 964 735 τήν
1024 645 1274 732 κακίανς
1336 647 1605 735 θεμένων
1651 653 1682 715 Ι
1726 671 1805 717 m·
1856 651 1944 715 01.
1988 668 2046 714 τι
2084 669 2264 731 eupra
2306 650 2410 715 lin.
2455 644 2725 732 θεμένων
2771 648 2929 730 qued

345 763 519 820 etiam
545 760 699 824 Tub.
745 758 925 821 habet
967 775 1171 819 verum
1215 766 1306 819 eet
1334 765 1609 836 recteque
1649 758 2016 836 comparavit
2037 756 2301 834 Wagner
2343 759 2658 835 insequente
2703 740 2932 819 ὄποθέ·

344 882 536 945 μενος.
590 898 658 910 --
704 865 784 926 95
809 865 879 926 Β.
920 854 1022 925 τὸν
1066 850 1248 943 λόγον
1291 854 1393 923 τὸν
1437 857 1737 945 μέλλοντα
1785 854 2134 947 [λέγεσθαι].
2208 862 2326 923 Pro
2369 855 2654 944 λέγεσθαι
2696 860 2931 923 exhibe-

345 976 438 1031 tur
495 988 532 1026 a
593 968 681 1032 cl.
729 967 761 1028 Ι
819 976 878 1030 et
918 968 1071 1030 Tub.
1114 964 1383 1030 ἔσεσθαι.
1485 969 1554 1029 In
1598 986 1719 1045 mg.
1765 966 1854 1029 01.
1900 974 2062 1028 extat
2104 959 2405 1045 λέγεσθαι.
2492 966 2641 1029 Voe.
2684 960 2935 1028 ἴσεσθαι

347 1072 714 1148 languidum.
779 1073 1039 1149 Wagner
1083 1074 1261 1149 igitur
1305 1074 1366 1132 in
1410 1056 1796 1154 ῥηθήσεσθαι
1837 1073 2110 1133 mutavit.
2197 1070 2315 1135 Sed
2359 1071 2553 1149 megia
2597 1069 2742 1130 mihi
2783 1071 2929 1129 arri-

347 1177 447 1239 det
490 1176 812 1237 Hermanni
873 1180 1070 1256 opinio
1113 1177 1628 1255 interpolationem
1686 1179 2033 1255 statuentie3
2100 1176 2173 1240 ef.
2233 1175 2478 1253 Protag.
2526 1176 2656 1236 324
2697 1175 2770 1238 Β.
2826 1165 2945 1235 τοῦ·

345 1263 668 1363 μέλλοντος
696 1269 1116 1363 (ἀδικήματος)
1147 1269 1342 1363 χάριν.
1419 1282 1598 1343 Ratio
1627 1282 1808 1358 igitur
1836 1280 2096 1360 postulat
2140 1285 2206 1340 ut
2247 1281 2336 1341 eie
2378 1277 2791 1342 exhibeamus:
2834 1268 2938 1338 τὸν

343 1380 640 1467 μέλλοντα
675 1379 996 1467 [ἔσεσθαι].
1033 1418 1101 1430 -
1159 1386 1279 1447 115
1304 1385 1382 1448 D.
1430 1373 1813 1467 ἐγγυήσασθε
1843 1368 1952 1445 οὖν
2001 1401 2078 1465 με
2117 1374 2272 1464 πρὸς
2298 1375 2575 1464 Κρίτωνα
2615 1399 2720 1463 την
2764 1376 2936 1443 ἐναν-

344 1485 475 1552 τίαν
522 1477 735 1571 ἐγγόην
795 1477 842 1570 ἢ
868 1476 954 1570 ’ἣν
1002 1476 1183 1560 οὗτος
1225 1481 1378 1570 πρὸς
1420 1478 1562 1560 τούς
1603 1478 1890 1558 δικαστὰς
1931 1478 2214 1570 ἠγγυᾶτο.
2300 1487 2515 1550 Nescio
2562 1489 2696 1566 quie
2741 1488 2802 1548 in
2846 1486 2933 1551 01.
2985 1490 2998 1503 “

346 1615 463 1674 mg.
518 1594 728 1673 adpos.
773 1582 1140 1676 ἠγγυήσατο,
1182 1613 1216 1656 e
1259 1588 1455 1657 studio
1500 1602 1568 1656 ut
1603 1594 1838 1655 videtur
1882 1593 2194 1673 aequandi.
2239 1624 2323 1636 --
2375 1594 2493 1653 117
2521 1593 2596 1656 A.
2636 1581 2740 1653 τᾶν
2784 1587 2935 1675 μέλ-

346 1701 530 1763 λοντα
574 1690 808 1760 διδόναι.
894 1698 967 1759 In
1012 1716 1131 1777 mg.
1176 1700 1262 1761 01.
1309 1696 1410 1781 (m.
1454 1695 1544 1781 a.)
1590 1687 1826 1761 δώσειν.
1912 1698 2085 1777 Quod
2128 1699 2317 1762 Bekk.
2378 1699 2687 1759 retinuisse
2746 1695 2937 1759 doleo.

344 1805 572 1868 Eodem
614 1806 762 1864 vitio
806 1802 992 1864 Bekk.
1035 1821 1151 1869 aer.
1202 1807 1278 1864 77
1305 1803 1372 1865 0.
1415 1796 1468 1865 εἰ
1512 1797 1720 1884 μέλλει
1759 1795 1936 1871 τέλος
1975 1786 2017 1884 ἦ
2061 1788 2362 1872 ἀπόδειξις
2411 1796 2591 1880 ἕξειν,
2638 1801 2738 1863 ubi
2783 1803 2934 1880 opti-

233 1914 237 1923 ·
344 1910 423 1968 mi
483 1907 619 1970 libri
672 1902 830 1986 ἔχειν
886 1905 1125 1969 habent.
1232 1906 1631 1987 Interpolator
1689 1910 2042 1971 meminerat
2098 1924 2155 1985 p.
2205 1907 2290 1971 64
2330 1905 2410 1969 D.
2467 1889 2508 1969 ὅ
2559 1900 2800 1988 μέλλων
2844 1923 2941 1969 σοι

346 1999 564 2074 δώσειν
605 2002 676 2073 τό
726 2003 1064 2094 φάρμακον.

519 2185 1072 2263 Praepoaffionebm
1124 2185 1451 2247 inserendis
1511 2184 1622 2247 hos
1666 2186 1833 2248 10000
1878 2193 2168 2248 vexarunt
2209 2185 2467 2247 mnam:
2535 2186 2615 2247 82
2662 2186 2727 2249 c,
2776 2170 2937 2248 ἀλλὰ

347 2277 575 2351 τοότων
635 2283 815 2352 ἕνεκα
873 2285 931 2352 οἱ
975 2278 1179 2371 ὀρθῶς
1223 2288 1692 2372 φιλοσοφοῦντες
1737 2279 2063 2371 α’πέχονται
2103 2289 2226 2351 τῶν
2268 2281 2428 2353 κατὰ
2470 2279 2539 2352 τὰ
2585 2288 2766 2370 σῶμα
2810 2283 2938 2352 ἐπι-

346 2393 579 2474 θυμιῶν
626 2379 878 2456 ἇπασῶν
924 2388 1029 2457 καὶ
1067 2394 1432 2476 καρτεροῦσι
1473 2387 1574 2457 καὶ
1618 2382 1694 2457 ου’
1736 2386 2173 2475 παραδιδόασιν
2218 2382 2434 2463 αόταῒς
2477 2377 2719 2469 αὖτοός,
2766 2383 2840 2454 οὔ
2883 2412 2939 2456 τι

346 2491 748 2580 οἷκοφθορίαν
792 2517 859 2560 τε
902 2493 1009 2562 καὶ
1049 2493 1255 2560 πενίαν
1302 2486 1670 2582 φοβούμενοι
1714 2490 1925 2582 οἵσπερ
1973 2494 2030 2560 οἱ
2070 2492 2288 2561 πολλοὶ
2329 2492 2430 2559 καὶ
2460 2479 2937 2579 φιλοχρήματοι·

346 2594 491 2668 miei
539 2590 626 2665 αὖ
669 2592 900 2688 α’τιμίαν
932 2623 998 2665 τε
1042 2599 1148 2668 καὶ
1192 2594 1442 2674 οῗδοξίαν
1485 2599 1833 2688 μοχθηρίας
1877 2588 2140 2675 δεδιότες
2185 2595 2394 2687 ὥσπερ
2440 2598 2498 2666 οῖ
2543 2597 2836 2685 φίλαρχοί
2873 2622 2939 2664 τε

344 2704 445 2772 καὶ
504 2695 799 2792 φιλότιμοι
854 2701 1062 2771 ἔπειτα
1121 2699 1447 2790 ἀπέχονται
1507 2701 1725 2774 αότῶν.
1830 2712 1914 2773 01.
1959 2706 2072 2792 (m.
2118 2707 2199 2789 Ι.)
2244 2709 2423 2770 habet
2468 2706 2937 2800 φιλοσοφοῦντες

340 2809 583 2891 ἔχονται
642 2802 726 2876 ἀπ
769 2813 907 2876 add.
951 2833 1029 2876 m.
1073 2832 1187 2875 ree.
1273 2815 1426 2877 Tub.
1470 2809 1713 2894 ἔχονται
1764 2817 1824 2874 in
1871 2823 2068 2892 textu,
2123 2802 2169 2893 ἧ
2213 2802 2298 2874 ἇπ
2354 2815 2414 2874 in
2459 2832 2576 2890 mg.
2663 2811 2818 2872 Vide
2863 2829 2936 2872 ne

345 2912 590 2995 ἔχονται
629 2917 902 2978 sufficiat.
990 2918 1144 2977 Nam
1191 2937 1322 2978 eum
1370 2918 1596 2980 dicatur
1638 2913 1771 2999 ἔχει
1811 2909 1954 2987 τοός
1993 2910 2324 2998 πολεμίους
2365 2916 2472 2997 τῆς
2514 2910 2598 2985 εἷς
2639 2908 2707 2978 τὸ
2751 2899 2937 2998 πρόσ·

348 3021 451 3083 θεν
495 3007 766 3102 προόδου
812 3013 995 3104 (Xen.
1040 3020 1172 3099 Cyr.
1218 3025 1288 3100 7,
1350 3026 1420 3096 1,
1470 3024 1588 3097 36,
1647 3021 1754 3084 Kr.
1798 3024 1914 3100 47,
1966 3017 2101 3105 13),
2146 3040 2268 3084 non
2313 3020 2607 3099 intellego,
2653 3039 2756 3081 eur
2816 3038 2936 3080 non

350 3124 563 3185 debeat
607 3123 717 3184 dici
765 3119 821 3186 οἱ
863 3118 1133 3206 πολέμιοι
1173 3125 1279 3206 τῆς
1321 3119 1404 3197 εἷς
1444 3116 1516 3189 το*
1559 3115 1825 3207 πρόσθεν
1868 3115 2138 3208 προόδου
2181 3119 2425 3204 ἔχονται
2483 3125 2559 3188 ef.
2605 3124 2826 3191 Herod.
2878 3128 2936 3203 6,
2979 3155 2994 3176 ι

350 3230 430 3289 85
500 3222 558 3289 οἱ
593 3221 897 3310 Αἰγινῆται
936 3225 1188 3308 ἔσχοντο
1242 3230 1350 3313 τῆς
1392 3223 1698 3313 τιμωρίης.
1812 3232 1946 3293 Noli
2009 3231 2264 3308 haerere,
2331 3228 2489 3307 quod
2557 3229 2934 3306 subsequitur

347 3323 702 3412 α’πὲχονταις
747 3353 883 3394 nam
912 3353 971 3413 p.
1002 3335 1119 3396 107
1155 3337 1229 3397 de
1261 3334 1372 3398 hoc
1404 3355 1514 3398 usu
1548 3336 1976 3415 disputavimus
2022 3337 2095 3397 ef.
2123 3338 2184 3395 in
2216 3341 2421 3396 nostro
2453 3334 2591 3404 dial.
2628 3336 2748 3396 108
2781 3331 2839 3396 D
2868 3335 2938 3398 Ε.

342 3439 445 3498 ubi
505 3445 642 3516 poet
699 3432 944 3517 ἐξαρκεῖ
1000 3438 1217 3501 dietum
1278 3447 1369 3500 est
1413 3429 1617 3519 α’ρκεῖ,
1665 3442 1746 3501 60
1791 3442 1862 3503 Β.
1909 3441 2011 3501 ubi
2054 3446 2191 3518 post
2233 3431 2804 3521 ἐξὲτριψε-τρίβων.
2851 3472 2936 3486 -

345 3544 423 3602 87
452 3542 526 3605 Α.
572 3531 727 3622 ὅπερ
773 3536 835 3603 ὲν
877 3545 1004 3613 τοῖς
1043 3538 1386 3625 ἔμπροσθεν
1433 3538 1748 3625 ἐλέγομεν·
1795 3535 1872 3624 ἐμ
1913 3546 1976 3606 in
2017 3543 2134 3605 fine
2179 3561 2385 3604 versus
2428 3545 2489 3603 in
2521 3542 2607 3605 01.
2653 3542 2937 3605 additum.

347 3664 441 3706 om
486 3647 642 3711 Tub.
728 3646 847 3710 Sed
904 3640 967 3710 ἐν
1024 3651 1150 3718 τοῖς
1204 3632 1471 3729 πρόσθεν
1531 3665 1719 3726 aeque
1776 3649 2071 3710 usitatum.
2158 3648 2230 3707 In
2273 3648 2405 3725 ipso
2450 3653 2652 3709 nostro
2699 3646 2936 3725 dialogo

2060 3746 2110 3800 ἐν

345 3818 590 3899 legitur3
633 3820 719 3882 94
765 3823 829 3885 0.
876 3823 1031 3883 enim
1076 3822 1258 3884 habet
1301 3821 1387 3884 01.
1435 3806 1919 3903 οἷμολογήσαμεν
1962 3822 2089 3891 τοῖς
2127 3808 2421 3902 πρόσθεν,
2467 3814 2531 3883 ἐν
2575 3825 2935 3901 suprascrip·
2991 3851 3006 3862 ‚

344 3931 465 3983 tum
510 3933 647 3985 ante
688 3928 814 3994 τοῖς
855 3925 1189 4003 ponendum
1222 3934 1331 4005 eat,
1376 3945 1514 3987 nam
1544 3925 1696 3987 Tub.
1725 3925 1968 4004 praebet
2011 3919 2075 3987 ἐν
2116 3926 2241 3994 τοῖς
2283 3912 2569 4007 πρόσθεν.
2619 3958 2699 3971 -
2750 3928 2832 3987 60
2864 3926 2935 3988 Β.

344 4017 379 4086 ὁ
423 4021 492 4087 δὲ
522 4015 849 4109 Σωκράτης
894 4018 1403 4112 ἄνακαθιζόμενος
1446 4025 1533 4100 εἰς
1574 4021 1681 4113 τὴν
1725 4024 1927 4111 κλίνην
1967 4024 2314 4113 συνέκαμψέ
2347 4048 2415 4091 τε
2456 4020 2524 4091 τὸ
2572 4023 2792 4100 σκέλος
2833 4023 2937 4091 καὶ

343 4194 611 4283 ἐξὲτριψε
665 4200 752 4281 τῇ
790 4196 967 4282 χειρί.
1056 4202 1144 4266 01.
1189 4148 1318 4273 εἴας’..ιι
1366 4204 1519 4267 Tub.
1578 4197 1664 4275 εἷς
1719 4203 1903 4283 quod.
1966 4222 2079 4268 ree.
2139 4204 2396 4267 Fischer.
2459 4204 2569 4268 Ην.
2674 4202 2933 4265 Verbum

208 4381 221 4394 ι
340 4293 820 4377 α’νακαθίζεσθαι
861 4299 951 4374 εἷς
1003 4324 1055 4368 τι
1096 4325 1271 4385 pesse
1317 4308 1428 4369 diei
1474 4326 1649 4370 nemo
1693 4316 1894 4387 neget.
1976 4310 2051 4373 ef.
2099 4309 2259 4372 Prot.
2306 4309 2434 4371 310
2479 4309 2549 4370 Α.
2602 4298 2933 4388 καθιζόμε-

337 4428 437 4480 νος
466 4403 732 4474 ἑνταυθί.
777 4410 894 4471 Sed
924 4419 1150 4489 negant
1174 4413 1516 4489 interpretes
1547 4411 1786 4491 quidam
1816 4413 1914 4474 bie
1943 4413 2097 4474 bane
2126 4416 2616 4475 eonetruetionem
2646 4429 2780 4475 ense
2820 4431 2926 4490 ep-

340 4523 495 4593 tam,
565 4516 728 4594 quod
784 4516 1063 4579 Socraten
1124 4519 1186 4579 in
1236 4516 1453 4579 leetulo
1520 4521 1765 4581 iacuerit
1827 4525 1892 4580 et
1948 4536 2016 4581 ee
2081 4517 2167 4579 ibi
2229 4520 2492 4581 erexerit.
2601 4515 2721 4578 Sed
2785 4516 2928 4579 huie

341 4620 602 4699 opinioni
669 4621 848 4683 etiam
915 4614 1013 4683 ἐπὶ
1077 4622 1308 4685 videtur
1372 4622 1672 4686 adversari
1686 4666 1706 4704 ,
1775 4624 1984 4686 meliue
2046 4630 2374 4698 statuemue
2431 4621 2740 4685 fluentem
2808 4637 2929 4690 uon
