3509 5375
576 492 698 584 132

564 667 763 752 μέντοι
806 659 1072 752 στοιχεῖά
1114 661 1432 756 γ’ἐκεῖνηςς
1474 670 1634 753 ἔχεις
1678 692 1797 738 om.
1845 672 1930 735 ol.
1977 692 2135 738 man.
2179 690 2336 740 saec.
2365 669 2433 735 X
2474 694 2657 754 supra
2697 672 2915 737 lineam
2958 674 3158 754 posuit

564 771 731 858 ἕχης.
821 776 936 837 Hic
994 777 1376 855 interpolator
1440 779 1711 855 redargui
1770 785 2004 856 potem
2070 796 2203 840 euru
2266 781 2420 841 enim
2479 781 2703 856 legeret
2759 774 2945 857 ἐστιν,
3012 778 3157 843 nibil

563 880 804 959 habuit,
863 897 981 957 quo
1042 882 1279 942 referret
1335 874 1536 944 εἰπεῖν.
1648 880 1765 942 Sed
1822 882 1953 943 luce
2000 883 2213 942 clarius
2260 891 2352 943 est
2396 883 2769 945 scribendum
2813 885 2985 945 nobis
3030 901 3160 944 esse

560 980 620 1045 τί
676 972 733 1045 δ’
789 976 842 1045 εἰ
893 975 978 1064 μὴ
1036 975 1113 1044 τοὶ
1160 986 1427 1063 στοιχεῖα
1473 982 1782 1066 συλλαβῆς
1822 980 2009 1068 μέρη,
2078 980 2232 1047 ἔστιν
2291 974 2431 1049 ἄλλ’
2477 977 2631 1050 ἅττα
2674 981 2857 1049 εἰπεῖν
2901 1006 2959 1050 κ.
3003 1005 3055 1051 τ.
3101 986 3158 1052 λ.

562 1088 746 1150 Vides
792 1097 1097 1150 accentum
1142 1097 1429 1148 mutatum
1475 1089 1777 1150 librarium
1824 1090 1899 1149 ad
1946 1106 2202 1150 errorem
2241 1089 2603 1169 perduxisse.
2652 1124 2737 1136 —-
2783 1092 2928 1153 Cum
2976 1111 3154 1154 enun-

562 1195 834 1254 tiationes
880 1191 1265 1253 secundariae
1311 1180 1464 1253 εἶναι
1506 1211 1622 1253 non
1670 1202 1789 1253 tam
1839 1194 2009 1254 facile
2054 1193 2317 1254 abiciant
2348 1212 2525 1273 quam
2554 1198 2882 1275 primariae,
2927 1197 3148 1259 librarii

566 1297 895 1358 haerebant
952 1300 1012 1357 in
1075 1296 1178 1358 tali
1242 1299 1592 1376 omissione3
1654 1298 1759 1358 sed
1806 1298 2256 1358 innumerabilia
2300 1301 2424 1359 eius
2471 1300 2739 1380 exempla
2784 1303 2842 1362 in
2890 1300 3153 1362 Platonis

573 1400 826 1479 dialogis
904 1410 1137 1479 extant3
1236 1420 1416 1479 quare
1488 1419 1562 1462 ne
1637 1402 1750 1464 hoc
1826 1404 2060 1481 quidem
2136 1401 2267 1465 loco
2343 1404 2616 1483 copulam
2696 1407 2869 1466 inseri
2937 1408 3163 1469 sinam:

572 1509 650 1565 62
699 1507 773 1569 Α.
821 1495 1172 1588 θαυμαστόν
1215 1499 1366 1576 ἴσως
1411 1524 1504 1568 σοι
1548 1500 1856 1589 φαίνεται,
1917 1500 1970 1568 εἰ
2024 1497 2254 1579 τούτοις
2296 1508 2421 1579 τοῖς
2464 1493 2811 1591 ἄνθρυῖποις
2852 1499 2935 1591 μὴ
2984 1494 3151 1570 ὅσιόν

572 1603 726 1670 ἐστιν
759 1598 986 1679 arrived<
1016 1599 1272 1679 ἑαυτοιὶς
1297 1610 1505 1674 ποιεῖν.
1580 1610 1839 1672 Verbum
1873 1604 2024 1672 ἐστιν
2056 1610 2144 1673 01.
2175 1629 2331 1691 supr.
2364 1612 2497 1690 lin.;
2536 1630 2651 1677 om.
2681 1613 2834 1675 Tub.
2863 1646 2942 1657 —
2977 1613 3057 1673 58
3085 1614 3153 1677 Ε.

574 1702 879 1795 εόδαίμων
925 1700 1041 1797 γάρ
1085 1731 1187 1796 μοι
1232 1702 1384 1796 α’νὴρ
1429 1708 1729 1795 ἐφαίνετο.
1816 1715 2124 1777 Corrcetor
2150 1718 2210 1777 in
2245 1717 2330 1781 01.
2361 1716 2771 1796 compendium
2804 1717 2967 1778 verbi
3012 1707 3165 1779 εἶναι

579 1837 759 1898 supra
803 1812 1084 1901 ἐφαίνετο
1128 1820 1360 1897 posuit;
1426 1818 1616 1883 Bekk.
1662 1818 1746 1882 St.
1795 1820 1938 1880 Tur.
1984 1818 2095 1883 Hr.
2139 1837 2251 1881 om.
2300 1838 2433 1881 cum
2479 1820 2634 1884 Tub.
2725 1821 2911 1885 Nemo
2957 1823 3166 1901 opinor

566 1923 870 1984 revocabit
915 1924 987 1983 cf.
1018 1923 1266 1988 Theaet.
1305 1924 1426 1984 148
1449 1923 1522 1988 Β.
1565 1909 1741 1986 πάλιν
1791 1908 1875 1984 αὖ
1917 1917 2194 2005 φαίνεται
2237 1912 2468 2007 ψευδὴς
2510 1906 2547 1987 ὅ
2583 1910 2924 2006 Θεόδωρος.
3000 1925 3161 1989 Prot.

567 2029 692 2090 328
738 2030 810 2088 A.
868 2020 967 2090 ἵνα
1022 2020 1648 2109 μεγαλοπρεπέστερα
1704 2021 1812 2090 καὶ
1870 2012 2409 2115 εόσχημονέστιροι
2468 2010 2608 2111 ἡμῖν
2670 2024 3014 2114 φαίνωνται.
3077 2062 3160 2075 —-

568 2137 648 2195 68
695 2134 766 2196 Ε.
815 2132 889 2193 de
934 2134 1025 2211 iis,
1073 2134 1172 2212 qui
1218 2150 1337 2193 non
1382 2149 1521 2193 vere
1564 2141 1958 2211 temperantes
2001 2141 2171 2211 sunt,
2217 2132 2483 2213 loquitur
2525 2132 2958 2215 philosophus,
3005 2120 3158 2197 α’κο-

562 2232 745 2332 λασία
804 2255 907 2300 τινι
948 2223 1282 2322 σωφρονές
1345 2229 1491 2315 εἷσις
1556 2229 1755 2298 καίτοι
1793 2230 2010 2322 φαμέν
2074 2228 2142 2315 γέ
2205 2254 2323 2298 που
2392 2221 2686 2301 άδόνατον
2753 2230 2935 2315 εἶναι,
3025 2227 3160 2302 ἄλλ’

562 2333 733 2426 ὅμως
799 2331 1007 2410 αιῖτοῒς
1072 2334 1382 2421 συμβαίνει
1450 2329 1646 2431 τούτῳ
1713 2330 1921 2423 ὅμοιον
1990 2330 2142 2402 εἶναι
2222 2359 2291 2402 το
2364 2329 2564 2415 πάθος
2641 2330 2712 2403 τὸ
2786 2337 2925 2424 περι
3003 2328 3160 2405 ταῦ-

562 2468 666 2531 την
756 2435 863 2529 τὴν
946 2433 1142 2529 ευήθη
1220 2432 1638 2527 σωφροσόμην
1776 2446 1959 2507 Verbi
2034 2438 2185 2506 εἶναι
2260 2447 2672 2525 compendium
2749 2455 2908 2507 extat
2980 2465 3159 2526 supra

561 2553 870 2629 scriptum3
933 2567 1049 2610 om.
1114 2548 1302 2631 Tub.‚
1376 2567 1527 2613 serv.
1596 2550 1662 2610 13.
1710 2548 1847 2612 Tur.
1913 2548 2000 2609 St.
2062 2546 2167 2609 Hr.
2288 2549 2434 2610 Cum
2502 2549 2719 2610 Heind.
2787 2553 3159 2628 omittemus3

564 2674 700 2716 nam
748 2649 1052 2737 συμβαίνει
1094 2657 1176 2715 ita
1220 2654 1479 2716 construi
1524 2662 1721 2732 potest
1768 2655 1841 2718 cf.
1878 2652 2062 2731 Gorg.
2097 2654 2222 2714 479
2258 2654 2320 2718 C.
2368 2644 2678 2736 συμβαίνει
2719 2644 2991 2737 μέγιστον
3035 2673 3153 2718 κα-

563 2780 670 2842 κον
712 2745 758 2841 ἦ
802 2747 1017 2823 α’δικία.
1110 2760 1399 2819 Construe
1444 2761 1622 2836 igitur
1680 2747 1751 2819 τό
1811 2749 2017 2828 πάθος
2074 2777 2143 2819 το
2189 2751 2330 2840 περὶ
2370 2777 2590 2842 ταυτην
2634 2751 2741 2841 τὴν
2787 2742 2986 2841 ευῆθη
3032 2778 3160 2821 σω-

566 2883 869 2947 φροσυνην
913 2851 1146 2933 τούτοις
1188 2851 1588 2946 συμβαίνει”
1547 2881 1755 2944 ομοιον
1801 2850 2517 2952 τούτῳ.1)ιιι.το6τοις
2559 2863 2634 2924 ad
2683 2849 2998 2946 συμβαίνει
3051 2883 3156 2928 ac—

565 2973 773 3048 cessit,
833 2978 896 3028 ut
957 2986 1237 3047 quorsum
1281 2959 1349 3027 τὸ
1393 2955 1598 3036 πάθος
1640 2970 1957 3046 pertineret
2022 2977 2290 3047 apertum
2338 2977 2525 3046 esset3
2577 2968 2919 3046 simplicius
2967 2973 3165 3048 potuit

562 3078 811 3152 scriptor
855 3076 1045 3136 dicere
1101 3066 1170 3134 τὸ
1230 3059 1458 3133 τούτων
1502 3058 1721 3142 πάθος.
1766 3107 1852 3118 -
1915 3075 1995 3134 78
2042 3074 2106 3135 C.
2153 3059 2374 3134 ουκουν
2421 3062 2578 3154 ἅπερ
2627 3062 2726 3135 αεὶ
2766 3065 2924 3135 κατά
2968 3092 3159 3135 ταυτα

563 3172 666 3240 καὶ
710 3162 1000 3249 ὦσαότως
1057 3174 1184 3256 ἔχει
1198 3221 1218 3252 ,
1282 3176 1474 3238 ταῦτα
1517 3163 1780 3259 μάλιστα
1825 3165 1985 3246 εἰκός
2030 3168 2182 3236 εἶναι
2224 3165 2302 3236 τά
2350 3163 2665 3251 α’ξόνθετα,
2709 3164 2787 3237 τά
2835 3170 2905 3238 δὲ
2952 3164 3164 3239 ἄλλοτ’

565 3272 774 3352 ἄλλως
815 3277 919 3343 καὶ
959 3276 1263 3364 μηδέποτε
1289 3274 1447 3343 κατά
1487 3269 1696 3359 ταότά,
1741 3280 1935 3343 ταῦτα
1982 3275 2050 3341 δὲ
2093 3273 2247 3342 εἶναι
2289 3269 2365 3341 τά
2412 3266 2684 3349 ξόνθετα.
2759 3281 2827 3340 Ιιι
2874 3277 2958 3342 Cl.
3007 3273 3158 3348 εἶναι

563 3377 640 3448 τά
671 3394 809 3448 ante
840 3373 1091 3455 ξόνθετα
1119 3404 1298 3466 supra
1327 3386 1459 3463 lin.;
1506 3397 1546 3444 a
1569 3385 1826 3462 Tubing.
1871 3382 2016 3445 nihil
2053 3387 2359 3463 praesidii3
2407 3404 2548 3446 nam
2577 3378 2654 3446 τοὶ
2680 3379 2750 3446 δὲ
2781 3416 2866 3429 —-
2898 3368 3154 3453 ξόνθετα

565 3495 625 3552 in
668 3511 788 3571 mg.
851 3492 1035 3552 babet
1090 3507 1169 3556 m.
1216 3509 1330 3552 rec.
1378 3489 1683 3568 suppleta,
1728 3490 1812 3549 ibi
1860 3497 2060 3550 autem
2112 3482 2267 3551 εἶναι
2311 3476 2589 3560 Εόνθετα.
2691 3487 2953 3550 Verbum
3014 3480 3165 3549 εἶναι

563 3613 683 3659 uon
728 3615 859 3658 esse
902 3598 1297 3657 necessarium
1340 3595 1505 3655 locus
1566 3595 1692 3671 ipse
1751 3593 1927 3655 nobis
1970 3594 2315 3673 persuadet,
2375 3613 2514 3655 nam
2560 3593 2654 3654 vel
2698 3588 2921 3672 ἔχοντα
2966 3594 3160 3653 in-se-

566 3702 760 3762 cunda
821 3702 1218 3762 enuntiatione
1276 3700 1549 3777 supplere
1605 3697 1924 3777 debemus;
1992 3706 2215 3776 quanto
2265 3717 2402 3759 vero
2449 3698 2677 3759 facilius
2726 3705 2815 3757 est
2862 3704 2923 3756 ut
2970 3683 3152 3769 εἰκός,

567 3802 747 3866 etiam
792 3798 943 3867 εἶναι
984 3805 1288 3886 supplerel
1334 3801 1505 3865 Nunc
1548 3813 1743 3865 autem
1793 3806 2130 3884 quaeritur,
2177 3822 2316 3862 num
2362 3801 2611 3863 articulo
2658 3792 2733 3862 τά
2782 3818 2981 3862 carere
3024 3818 3160 3880 pos·

573 3914 776 3973 simus.
864 3912 1014 3988 Aio;
1065 3928 1214 3975 nam
1258 3909 1430 3970 Plato
1486 3912 1547 3969 in
1602 3910 1861 3989 periodis
1910 3907 2348 3969 conformandis
2394 3906 2507 3967 hoc
2550 3908 2922 3985 potissimum
2969 3912 3159 3985 cavet,

567 4036 641 4078 ne
710 4015 1103 4077 membrorum
1156 4014 1632 4092 aequabilitatem
1707 4022 2044 4077 accuratam
2112 4013 2358 4092 efficiat3
2450 4014 2775 4074 enuntiatio
2842 4016 2972 4092 ipsa
3045 4013 3159 4073 hoc

567 4120 946 4199 comprobat,
1013 4136 1205 4197 neque
1272 4121 1425 4178 enim
1491 4119 1796 4181 relativam
1867 4127 2218 4181 structuram
2303 4120 2363 4179 in
2429 4126 2600 4197 parte
2673 4118 2899 4196 periodi
2971 4117 3160 4178 altera
3273 4121 3284 4128 “

565 4225 869 4298 adhibuit,
943 4240 1137 4301 neque
1195 4216 1306 4302 μὲν
1352 4251 1431 4266 -—-
1479 4215 1588 4302 μὲν
1647 4225 1705 4282 in
1765 4225 1958 4302 priore
2011 4235 2177 4302 parte
2218 4225 2433 4302 posuit.
2545 4221 2959 4301 Exemplorum
3007 4237 3158 4299 quae

567 4331 782 4407 ubique
857 4330 913 4387 in
991 4328 1241 4403 dialogis
1316 4328 1704 4406 reperiuntur,
1787 4328 1899 4390 hoc
1976 4346 2155 4388 unum
2216 4328 2321 4388 tibi
2383 4327 2698 4410 suppedito
2767 4346 2840 4387 ex
2899 4322 3156 4406 Euthyd.

564 4454 622 4513 p.
684 4435 806 4493 287
870 4432 948 4491 D.
1025 4414 1280 4513 πότερον
1366 4415 1476 4491 οὖν
1558 4423 1750 4514 ψυχὴν
1826 4427 2046 4513 ἔχοντα
2122 4432 2246 4493 νοοῖ
2315 4422 2393 4492 τά
2466 4431 2720 4492 νοοῦντα
2792 4419 2839 4512 ἢ
2909 4423 3013 4493 καὶ
3083 4420 3158 4490 τά

567 4528 808 4621 ἅψυχας
857 4527 950 4598 Τά
997 4527 1193 4618 ψυχιὲν
1240 4532 1480 4614 ἔχοντα.
1529 4569 1611 4581 -
1661 4539 1740 4598 68
1763 4536 1841 4603 D.
1874 4529 2058 4600 οἶσθα
2100 4528 2194 4602 ὅτι
2234 4526 2336 4597 τόν
2380 4523 2643 4598 θάνατον
2687 4520 2971 4616 ἡγοῦνται
3012 4527 3158 4594 πάν-
3225 4567 3250 4592 ι.

563 4659 661 4712 τες
724 4636 783 4703 οἱ
839 4632 1018 4706 ἄλλοι
1074 4642 1197 4703 τῶν
1253 4629 1531 4723 μεγάλων
1590 4642 1799 4703 κακῶν
1857 4634 2021 4702 εἶναι.
2122 4640 2211 4702 cl.
2255 4639 2409 4701 Tub.
2469 4657 2587 4702 om.
2649 4642 2709 4698 in
2755 4647 2918 4699 textu
2964 4630 3150 4715 ιῖναις
