3509 5375
526 498 649 557 120

522 697 638 748 test
669 688 899 764 exoriri,
933 688 1073 764 quin
1116 687 1178 743 in
1208 683 1325 744 hoc
1353 683 1504 742 libro
1536 686 1813 760 scriptum
1860 685 1934 742 sit
1976 674 2079 742 καὶ
2109 668 2219 741 δόο
2254 674 2599 762 μετρητικαὶ
2641 666 2882 750 ταόταις
2929 667 3115 742 ἄλλαι

519 790 790 857 τοιαῦται
832 776 1247 871 συνεπόμεναι.
1338 786 1716 849 Vocabulum
1763 787 2033 849 τοιαῦται
2076 788 2251 862 igitur
2293 794 2431 865 post
2486 778 2669 849 ἄλλαι
2719 785 3112 849 inserendum.

524 898 598 957 cs.
645 895 831 972 Gorg.
877 896 1001 955 451
1054 896 1125 953 Α.

643 1067 647 1072 ,
696 1015 838 1078 ibid.
891 1019 967 1077 13
1015 1017 1086 1079 Ε.
1147 998 1440 1096 φρόνησίς
1492 1031 1559 1074 τε
1602 1007 1713 1075 καὶ
1758 999 2049 1094 ἐπιστήμη
2095 1005 2194 1073 καὶ
2236 1009 2372 1081 νοῦς
2413 1006 2520 1073 καὶ
2559 995 2750 1072 πάνθ’
2793 995 2997 1072 ὁπόσα
3040 999 3119 1091 δὴ

524 1109 664 1181 κατ’
712 1110 910 1201 ἀρχὰς
955 1109 1078 1198 ἐγώ
1123 1112 1379 1201 θέμενος
1422 1110 1592 1179 εἷπον
1638 1106 1905 1195 ἀγαθόν,
1953 1102 2399 1196 διερωτώμενος
2443 1105 2540 1176 ὅτί
2580 1132 2729 1177 ποτε
2771 1109 2895 1177 ἐστι
2936 1104 3118 1194 τάγαν

492 1210 656 1302 ,θόν,
724 1209 823 1305 ἆρ’
865 1212 942 1284 oti
984 1213 1203 1284 ταότόν
1249 1217 1558 1283 πείσονται
1598 1221 1777 1283 τοῦτο
1827 1212 1977 1302 ὅπερ
2026 1213 2061 1281 ὁ
2107 1211 2212 1289 σὸς
2255 1208 2463 1299 λόγος;
2531 1221 2599 1280 In
2650 1222 2736 1283 01.
2783 1237 3119 1298 repraesen-

528 1337 651 1388 tata
683 1330 863 1389 verba
890 1329 1005 1388 hoc
1034 1327 1212 1388 modo
1246 1327 1438 1387 vides:
1483 1319 1650 1387 εἷπον
1684 1314 1922 1406 ἀγαθά,
1970 1311 2422 1406 διερωτώμενος
2464 1314 2504 1385 ὅ
2532 1342 2590 1388 τι
2617 1314 2751 1386 ποτ’
2779 1319 2931 1387 ἐστιν
2966 1314 3118 1407 ἀγα-

530 1418 663 1494 θόν.
750 1432 914 1493 Nihil
962 1432 1159 1492 obstat
1204 1434 1517 1509 quominus
1577 1447 1712 1491 enm
1773 1448 2109 1508 sequamur.
2200 1430 2272 1489 cf.
2327 1432 2400 1488 11
2448 1430 2520 1493 Β.

709 1553 937 1630 Theag.
988 1556 1113 1613 124
1155 1554 1225 1613 Β.
1287 1553 1359 1612 de
1402 1559 1527 1613 arte
1569 1553 1924 1630 loquuntur,
1989 1546 2134 1613 οὐδέ
2178 1568 2247 1630 γε
2292 1544 2456 1631 οἶμαι
2493 1540 2545 1631 ᾗ
2586 1551 2707 1612 τῶν
2750 1536 3118 1632 ποριζόντων

528 1653 633 1719 καὶ
675 1642 1042 1738 τρυπιιῖντων
1087 1651 1189 1718 καὶ
1232 1643 1485 1725 Εεόντων
1532 1650 1637 1718 καὶ
1663 1642 2065 1737 τορνεοόντων
2097 1640 2445 1735 ξυμπάντων
2478 1644 2850 1736 ἐπιστάμεθα
2894 1643 3120 1734 ἄρχειν,

533 1753 606 1823 ου’
650 1752 871 1841 ταύτην
901 1756 1129 1842 λέγεις·
1177 1750 1334 1843 αὕτη
1379 1751 1495 1842 γοὶρ
1528 1749 1603 1822 oti
1632 1747 1973 1840 τεκτονικής
2019 1760 2220 1820 Herm.
2264 1748 2391 1837 „028
2403 1778 2492 1839 τη
2537 1743 2630 1836 γά
2644 1777 2679 1838 ρ
2729 1758 2818 1819 Ol.
2849 1759 3122 1834 etSteph.

534 1856 631 1926 αὸ
643 1885 731 1946 τη
779 1861 915 1945 μὲν
961 1854 1057 1946 γα’
1073 1885 1108 1947 ρ
1156 1867 1337 1930 Bekk.
1366 1859 1583 1929 Stallb.
1627 1866 1805 1940 'stov-‚3
1852 1874 1919 1925 at
1962 1866 2156 1925 nescio
2201 1864 2499 1941 quomodo
2543 1863 2779 1923 librarii
2824 1857 2948 1943 μὲν
2987 1871 3127 1940 post

534 1971 1016 2031 demonstrativa
1059 1972 1336 2050 infercire
1379 1970 1624 2030 πίθηαι(
1716 1966 1852 2030 Noli
1914 1967 2089 2028 fidem
2136 1967 2354 2028 habere
2399 1967 2743 2028 Hermanno
2792 1967 2883 2029 vel
2929 1971 3123 2045 potius

538 2076 912 2153 Gaisfordi03
981 2076 1138 2154 quod
1182 2077 1367 2136 Bekk.
1415 2075 1624 2136 Stallb.
1670 2074 1811 2137 Tur.
1878 2072 2054 2150 dant,
2119 2073 2275 2133 idem
2332 2071 2435 2132 dat
2479 2071 2566 2133 Cl.
2673 2071 2888 2131 Eodem
2949 2070 3123 2131 modo

426 2228 431 2235 .
535 2188 738 2242 auctor
783 2180 1003 2258 dialogi
1053 2183 1177 2241 124
1225 2181 1296 2244 A.
1344 2168 1498 2260 αὕτη
1543 2173 1651 2260 μὲν
1695 2170 1811 2259 γὰρ
1857 2164 2176 2258 γεωργική,
2220 2164 2273 2259 ἦ
2318 2161 2550 2237 τόυτων
2598 2164 2884 2256 ἄρχομεν.

705 2303 923 2363 Iterum
956 2301 1255 2363 Gaisl'ordi
1301 2302 1598 2362 silentium
1624 2299 2029 2360 Hermannum
2073 2299 2150 2358 ad
2197 2316 2449 2358 errorem
2493 2297 2769 2374 perduxit
2810 2317 2868 2374 p.
2900 2299 3020 2357 126
3051 2297 3120 2360 Α.

540 2411 640 2468 ubi
687 2402 921 2486 scripsit
967 2395 1042 2467 οό
1093 2401 1195 2499 βίᾳ
1238 2424 1306 2484 γε
1349 2394 1480 2467 οόδ’
1527 2396 1735 2485 ὥσπερ
1783 2399 1841 2466 οἱ
1882 2394 2162 2486 τύραννοι
2176 2447 2196 2479 ,
2242 2391 2373 2465 ἀλλ’
2416 2390 2709 2475 ἑκόντων,
2775 2389 2980 2482 ὥσπερ
3026 2394 3132 2463 καὶ

538 2502 719 2574 ἄλλοι
777 2507 835 2573 οῖ
896 2507 956 2572 ἐν
1012 2510 1094 2592 τῇ
1143 2499 1322 2572 πόλει
1366 2496 1670 2590 ἐλλόγιμοι
1714 2498 1950 2589 ἄνδρες.
2055 2507 2174 2569 Sed
2222 2525 2355 2569 cum
2402 2505 2717 2567 Clarkiano
2762 2506 3127 2567 scribendum

540 2626 631 2676 est
676 2611 733 2676 οἱ
780 2606 979 2679 ἄλλοι.

711 2741 851 2818 LyS.
896 2740 1025 2800 204
1072 2739 1145 2800 A.
1208 2725 1477 2799 διδάσκει
1532 2731 1601 2798 δὲ
1657 2730 1748 2805 τίς
1803 2725 2049 2814 αιῗτόθι;
2109 2725 2227 2803 Σός
2285 2720 2525 2815 ἑταῖρός
2583 2752 2685 2813 γε,
2754 2718 2801 2812 ἦ
2846 2720 2986 2812 δ’ὅς,
3029 2726 3133 2794 καὶ

537 2838 869 2925 ἐπαινέτης.
953 2843 1174 2904 Iterum
1218 2842 1596 2901 Hermannus
1643 2850 1801 2901 errat
1845 2844 2062 2918 putans
2105 2857 2174 2918 γε
2217 2842 2279 2899 in
2311 2838 2399 2902 Cl.
2450 2845 2664 2899 extare.
2753 2836 2954 2898 Scribe
2997 2854 3130 2897 cum

542 2951 627 3010 Cl.
678 2934 917 3029 ἑταῖρός
961 2965 1026 3007 τε
1071 2947 1232 3025 quod
1278 2946 1569 3007 dederunt
1616 2946 1809 3007 Bekk.
1858 2946 2072 3008 Stallb.
2121 2944 2265 3005 Tur.

711 3070 946 3133 Nullam
996 3086 1234 3129 causam
1283 3067 1477 3146 vide0,
1547 3086 1664 3145 qua
1707 3067 2060 3146 impellimur
2107 3075 2171 3127 ut
2216 3075 2419 3128 contra
2465 3064 2762 3127 Clarkiani
2808 3065 3118 3123 auctorita-

537 3185 655 3238 tem
705 3178 888 3252 Gorg.
937 3177 1061 3234 473
1112 3174 1184 3235 A.
1233 3191 1302 3252 γε
1345 3191 1663 3234 servemus.
1726 3174 2066 3235 Scribamus
2114 3155 2201 3240 (ιῗς
2245 3162 2317 3231 σὰ
2366 3165 2503 3249 οἴει,
2553 3156 2612 3230 αἶ
2656 3166 2859 3229 Πῶλε.

716 3297 899 3375 Soph.
945 3314 1004 3374 p.
1054 3296 1176 3355 232
1226 3296 1301 3355 D.
1356 3283 1438 3356 .τά
1497 3313 1565 3373 γε
1626 3286 1740 3376 μὴν
1796 3287 1935 3375 περὶ
1978 3292 2189 3355 πασῶν
2232 3310 2299 3352 τε
2343 3286 2445 3353 καὶ
2487 3280 2646 3352 κατοί
2695 3283 2835 3370 μίαν
2882 3271 3129 3371 ἑκάστην

537 3398 779 3483 τέχνην,
852 3390 896 3462 ἃ
939 3397 1031 3461 δεῖ
1073 3392 1230 3479 πρός
1275 3394 1529 3461 ἕκαστον
1580 3389 1761 3460 αότόν
1806 3391 1906 3459 τὸν
1953 3390 2311 3479 δημιουργὸν
2361 3386 2678 3472 ἀντειπεῖν,
2750 3391 3130 3474 δεδημοσιω-

428 3555 429 3558 ¹
534 3503 686 3587 μένα
729 3524 845 3566 που
890 3499 1337 3585 καταβέβληται
1380 3498 1758 3586 γεγραμμένα
1812 3504 1905 3588 τῷ
1952 3497 2304 3591 βουλομένῳ
2350 3501 2583 3584 μαθεῖν.
2673 3499 2926 3560 Bekker.
2980 3515 3131 3575 „icoo

537 3615 705 3672 abest
761 3630 796 3670 a
844 3608 1153 3673 Vat.Ven.
1182 3607 1291 3672 11.“
1342 3609 1720 3669 Clarkianum
1766 3613 1813 3670 si
1863 3609 2185 3686 addideris,
2232 3606 2535 3667 adnotatio
2578 3612 2735 3665 recta
2780 3607 2905 3665 erit.
2977 3603 3137 3687 ‘Sine

541 3718 716 3778 dubio
777 3733 895 3775 που
958 3714 1325 3775 eximendum
1375 3721 1482 3777 est.
1577 3714 1880 3792 Campbell
1928 3717 2105 3773 etiam
2151 3712 2247 3772 hic
2291 3710 2598 3788 negligens
2645 3716 2751 3770 cst.

708 3822 940 3885 Politic.
986 3821 1109 3880 303
1161 3821 1225 3879 E.
1274 3819 1478 3881 Herm.
1525 3836 1589 3878 se
1633 3827 1804 3896 putat
1849 3837 1920 3878 ex
1964 3819 2312 3877 auctoritate
2359 3814 2653 3875 Clarkiani
2714 3803 2790 3894 δὴ
2836 3819 2974 3890 post
3019 3797 3128 3873 οὖν

540 3930 598 3985 in
647 3925 840 3987 verbis
886 3918 1125 4005 λέγεται
1167 3916 1285 4005 γάρ
1334 3912 1438 3984 οὖν
1483 3922 1671 3984 ταῦτα
1716 3910 1887 3985 οιῖτω
1933 3916 2231 4002 γίγνεσθαι
2276 3919 2595 3992 delevisse,
2653 3918 2753 3978 ubi
2814 3925 3012 3978 tamon
3058 3906 3133 3998 δὴ

538 4041 672 4109 post
715 4017 823 4091 οὖν
868 4033 918 4097 is
964 4030 1112 4091 liber
1156 4038 1375 4090 servat.

712 4136 960 4196 Theaet.
1013 4137 1133 4194 166
1183 4136 1257 4196 Α.
1307 4122 1451 4194 ὅταν
1496 4151 1548 4194 τι
1590 4132 1709 4193 τῶν
1760 4126 1920 4213 ἐμῶν
1968 4119 2037 4191 δι’
2085 4115 2444 4210 ἐρωτήσεως
2488 4127 2753 4211 σκοπῆς,
2800 4119 2903 4189 ἐὰν
2951 4122 3055 4209 μὲν
3102 4109 3136 4187 ὅ

539 4234 871 4322 ἐρωτηθεὶς
938 4225 1152 4317 οἷάπερ
1216 4225 1290 4297 ἂν
1352 4226 1474 4318 ἐγώ
1537 4225 1970 4317 ἀποκριναίμην
2034 4222 2500 4316 ἀποκρινόμενος
2558 4221 2938 4316 σφάλληται,
3011 4221 3135 4310 ἐγώ

540 4340 892 4425 ὲλέγχομαι,
939 4336 991 4404 εἰ
1036 4336 1106 4402 δὲ
1154 4330 1395 4416 ἀλλοῖα,
1443 4330 1628 4412 αότός
1672 4326 1708 4401 oe
1753 4335 2107 4423 ἐρωτηθείς.
2197 4339 2374 4400 Vana
2433 4355 2612 4417 opera
2676 4344 2765 4399 est
2809 4337 3132 4399 Hei-manni

539 4448 899 4509 defendentis
946 4431 1435 4527 ἀποκρινόμενος.
1530 4446 1610 4509 Ut
1638 4446 1802 4525 Vat„
1852 4448 2000 4508 Ven.
2047 4443 2124 4525 Π,
2169 4449 2254 4505 ita
2298 4446 2478 4504 etiam
2511 4443 2597 4506 cl.
2645 4427 3135 4522 ἀποκρινάμενος.

713 4552 931 4631 Cratyl.
984 4550 1107 4613 387
1158 4552 1223 4612 C.
1266 4552 1452 4613 verba
1497 4554 1585 4613 sic
1630 4559 1875 4612 exarata
1921 4554 1978 4611 in
2026 4550 2111 4611 cl.
2158 4558 2327 4610 sunt:
2382 4537 2600 4610 ου’κοδν
2648 4536 2860 4628 καὶ,τό
2907 4532 3135 4624 ὄνομά-

538 4655 651 4730 <ew
697 4655 905 4738 πρᾶξις
949 4651 1139 4736 ἐστιν,
1184 4649 1353 4737 εἴπερ
1398 4650 1501 4719 καὶ
1540 4648 1613 4719 τό
1661 4650 1852 4736 λέγειν
1895 4648 2110 4737 πρᾶξίς
2150 4671 2236 4723 τις
2278 4638 2356 4735 ἦν
2400 4647 2539 4736 περὶ
2579 4643 2656 4714 τοὶ
2700 4643 3060 4733 πράγματα;
