3509 5375
2927 476 3002 538 3¹2

382 620 573 721 ¹riuti<
646 641 770 732 ἄρα
841 635 999 731 ἡμῖν.
1040 636 1360 730 ἐπιστήμης
1420 648 1544 724 δεῖ,
1618 669 1773 711 nunc
1831 638 2107 731 τοιαύτης
2165 641 2320 722 τινδς
2380 640 2702 735 ἐπιστήμης
2760 648 2832 711 de
2890 653 3011 712 alia

415 759 661 818 seientia
719 756 1123 837 accipiendum
1186 773 1331 815 esse.
1446 756 1523 815 Et
1584 759 1823 816 omuino
1872 759 2081 817 mirum
2130 772 2315 831 esset,
2385 776 2485 816 cur
2540 756 2789 817 noluerit
2836 756 3006 818 Plato

413 864 500 921 sic
559 860 899 936 simpliciter
939 836 1180 919 Emere:
1242 857 1475 920 πολλοῦ
1540 850 1664 938 ἄρα
1727 857 1820 919 δεῖ
1867 894 1949 904 -
2005 844 2164 942 ἡμᾶς
2203 850 2565 941 λυροποιοός
2611 858 2732 922 δεῖν
2781 852 3011 930 δεινούς

413 957 596 1040 εἶναι,
657 965 767 1024 sed
821 968 1169 1024 senteutiam
1233 963 1342 1023 hoc
1404 963 1590 1023 inutili
1653 964 2052 1025 additamento
2103 982 2346 1025 onerare
2389 958 2494 1026 καὶ
2535 950 2808 1047 τοιαύτης
2852 959 3009 1036 τινός

413 1057 740 1148 ἐπιστήμης
801 1057 1160 1148 ἐπηβόλους.
1268 1067 1665 1144 Quamobrem
1729 1102 1808 1113 -—
1875 1077 1936 1127 ut
1996 1069 2142 1128 illud
2206 1078 2432 1129 taceam
2499 1069 2613 1129 illis
2661 1072 3008 1131 coniecturis

417 1177 758 1251 orationem,
786 1174 937 1234 effici
981 1172 1217 1233 minime
1254 1173 1588 1251 ‘elegantem
1633 1171 1868 1234 πολλοῦ
1915 1171 2008 1233 δεῖ
2054 1208 2135 1219 --
2181 1170 2337 1252 δεῖν,
2387 1177 2553 1234 cuius
2597 1170 2788 1234 simile
2833 1178 3002 1253 quip-

418 1284 568 1356 piam
619 1277 948 1355 exemplum
1013 1278 1152 1336 mibi
1215 1296 1344 1338 sese
1389 1277 1648 1336 noudum
1708 1273 1920 1337 obtulit
1968 1311 2043 1323 -—--
2095 1266 2406 1356 achuieseo
2452 1292 2608 1339 nunc
2654 1281 2712 1338 in
2761 1279 3009 1356 vulgata

423 1387 509 1444 cui
556 1385 711 1443 hanc
753 1385 1107 1442 sententiam
1152 1391 1393 1441 autumo
1439 1374 1770 1442 subiectam
1818 1399 1979 1458 esse3
2054 1382 2306 1441 *nultum
2366 1384 2551 1457 iyitur
2612 1383 2774 1443 abest
2832 1392 2898 1444 ut
2957 1388 3010 1444 si

417 1491 601 1547 simus
651 1491 835 1564 periti
892 1489 1166 1563 lyr-amm
1220 1487 1646 1564 fabricatores,
1720 1486 1939 1545 idcireo
1998 1486 2271 1545 censendi
2328 1488 2514 1546 simus
2577 1487 2748 1549 illam
2817 1506 3008 1563 quam

414 1593 761 1666 quaerimus
820 1594 1135 1651 ¹scientium
1195 1592 1395 1667 adepti
1452 1606 1572 1650 esse
1633 1589 1787 1648 unde
1846 1598 2058 1666 sponte
2120 1593 2382 1667 sequitur
2443 1609 2552 1650 nos
2615 1608 2688 1649 ne
2737 1600 3008 1668 oportere

414 1693 649 1771 quidem
698 1710 825 1754 esse
872 1695 1131 1772 lyrarum
1181 1694 1590 1771 fabricatores,
1635 1696 1719 1753 ita
1764 1701 1834 1753 ut
1878 1693 2060 1753 verba
2103 1694 2410 1770 paululum
2459 1697 2707 1779 traiecta
2750 1699 2836 1755 sic
2882 1699 3002 1756 sint

416 1798 777 1858 ordinanda:
838 1791 996 1879 ἡμᾶς
1052 1789 1415 1878 λυροποιούς
1459 1788 1684 1866 δεινούς
1742 1790 1849 1858 καὶ
1905 1784 2186 1876 τοιαύτης
2242 1815 2343 1860 τιν.
2407 1792 2498 1860 ἐπ.
2563 1793 2735 1879 ἐπηβ.
2783 1792 2933 1860 εἶναι
2982 1846 2996 1862 .

412 1914 771 1987 quamquam
819 1904 1023 1979 fateor,
1073 1910 1268 1961 tamen
1315 1904 1399 1960 sic
1445 1901 1664 1961 habere
1711 1902 1893 1960 verba
1940 1902 2097 1978 quod
2146 1901 2452 1978 displiceat
2498 1911 2554 1962 et
2598 1903 2777 1979 paulo
2826 1905 2998 1963 aliter

409 2009 626 2085 scripta
672 2025 745 2066 ca
790 2007 1312 2084 expectari,·himc
1358 2008 1476 2065 sere
1523 2007 1581 2063 in
1633 2006 1867 2066 modum
1915 1998 2076 2085 ἡμᾶς
2120 2005 2252 2086 λυρ.
2300 2003 2440 2067 δειν.
2492 1994 2686 2076 ὄντας.
2777 2007 2895 2068 Sed
2945 2011 3006 2067 in

410 2111 512 2170 iiio
571 2111 897 2189 hyperbato
960 2103 1113 2172 εἶναι
1168 2106 1268 2170 καὶ
1319 2143 1391 2157 --
1442 2128 1562 2169 non
1626 2128 1760 2170 esse
1803 2110 2193 2187 haerendum,
2254 2112 2401 2171 alias
2464 2111 2663 2173 multis
2724 2112 3006 2189 exemplis

413 2216 659 2276 docebo.

585 2320 1009 2393 Stallbuumius
1064 2293 1369 2397 probavit!
1409 2337 1561 2397 quae
1621 2339 1658 2379 a
1705 2320 2196 2381 Winckelmauno
2260 2318 2333 2379 de
2392 2321 2524 2381 loco
2589 2319 2821 2398 prolata
2868 2328 3008 2381 sunt

406 2424 820 2502 medelamqne
869 2424 1180 2483 indicatam
1229 2426 1407 2485 etiam
1437 2423 1842 2485 vehementius
1887 2424 2191 2501 amplexus
2239 2433 2344 2487 est.
2435 2424 2748 2503 Scriptum,
2795 2427 3004 2504 iuquit,

407 2532 667 2605 oportuit
725 2513 890 2609 ἡμᾶς
947 2518 1306 2615 λυροποιοδς
1350 2518 1579 2595 δεινούς
1624 2516 1804 2597 ὄντας
1849 2520 1999 2589 εἶναι
2040 2522 2141 2587 καὶ
2185 2548 2239 2588 κ.
2286 2548 2334 2588 τ.
2382 2528 2436 2592 λ.
2528 2528 2779 2589 Videtur
2824 2530 3004 2605 igitur

408 2635 778 2710 participium
826 2650 1016 2693 errore
1078 2632 1456 2694 intercidisse.
1555 2633 1753 2714 Nuper
1813 2631 1947 2692 huic
2001 2635 2326 2692 sententiae
2385 2635 2635 2694 accessit
2695 2630 3000 2694 Susemih'-

406 2739 526 2798 lius
576 2741 635 2797 in
681 2737 850 2798 Vere.
895 2756 1079 2813 germ.
1127 2756 1186 2814 p.
1237 2738 1377 2799 789.
1429 2739 1486 2799 3.

446 2923 457 2926 -
580 2842 749 2906 Haec
809 2851 946 2906 suut
1006 2842 1122 2902 loci
1171 2843 1320 2919 fata,
1383 2859 1536 2919 quae
1582 2841 1714 2902 ideo
1768 2842 2056 2902 uberrime
2104 2842 2588 2920 explanavimus,
2633 2850 2698 2903 ut
2746 2843 3005 2903 eluceret

416 2967 530 3008 uon
579 2966 707 3007 raro
755 2947 970 3006 multos
1019 2955 1267 3006 conatus
1315 2950 1679 3007 necessarios
1741 2964 1868 3007 esse
1915 2948 1988 3007 ad
2038 2966 2242 3007 verum
2287 2947 2726 3006 inveniendum.
2813 2947 3004 3025 Saepe

418 3054 563 3111 enim
611 3070 812 3111 verum
859 3068 979 3110 non
1028 3051 1225 3110 subito
1275 3053 1602 3128 invenitur,
1650 3052 1750 3110 sed
1800 3052 2128 3131 gradatim3
2192 3061 2437 3113 conatus
2483 3059 2764 3111 conatum
2808 3055 3007 3128 sequi·

411 3166 516 3230 tur,
562 3158 752 3216 donec
798 3158 998 3216 omnis
1048 3155 1355 3216 difficultas
1401 3158 1478 3215 sit
1521 3155 1779 3215 sublata.
1890 3158 1982 3215 Ita
2031 3157 2146 3217 hoc
2210 3158 2344 3217 loco
2395 3157 2653 3231 vestigiis
2700 3154 3001 3215 Winckel·

406 3266 607 3323 manni
656 3265 990 3321 insistemus
1053 3263 1153 3338 qui
1199 3277 1393 3320 veram
1442 3264 1795 3320 sententiam
1843 3263 2097 3334 invenit,
2156 3279 2269 3321 non
2317 3264 2456 3321 item
2503 3277 2704 3319 veram
2751 3259 2999 3317 sormam

408 3361 754 3429 sententiae.
848 3367 936 3425 Ab
999 3363 1113 3426 hac
1177 3367 1355 3441 igitur
1415 3385 1474 3424 re
1529 3374 1793 3425 nostrum
1842 3383 2053 3425 munus
2100 3368 2355 3444 incipiet.
2448 3364 2792 3441 Quaeritur,
2854 3382 2997 3441 quo-

402 3472 580 3533 modo
624 3474 870 3550 exprimi
918 3473 1142 3548 possit,
1207 3468 1320 3530 hoc
1380 3487 1498 3530 non
1550 3470 1723 3529 simul
1774 3488 1899 3532 esse
1945 3467 2126 3549 illud,
2196 3470 2307 3531 hoc
2363 3478 2420 3529 et
2465 3468 2609 3530 illud
2657 3488 2776 3529 non
2823 3486 2999 3546 posse

402 3596 530 3637 esse
576 3595 711 3636 una.
810 3578 899 3635 Ac
947 3578 1196 3652 primum
1248 3574 1482 3652 quidem
1530 3576 1860 3651 praefracte
1907 3592 2056 3651 nego
2107 3575 2286 3634 verba
2328 3573 2564 3635 πολλοῦ
2609 3562 2735 3655 ἄρα
2782 3569 2874 3635 δεῖ
2918 3558 3004 3641 ὥς

402 3675 595 3739 ἔοικεν
640 3665 801 3760 ἡμᾶς
844 3671 1207 3760 λυροποιούς
1266 3669 1496 3747 δεινούς
1555 3671 1703 3738 εἶναι
1762 3673 1863 3738 καὶ
1918 3665 2195 3760 τοιαύτης
2253 3670 2408 3760 τινὸς
2467 3666 2793 3761 ἐπιστήμης
2851 3672 3004 3760 ἐπη-

405 3770 628 3860 βόλους
671 3784 1002 3859 siguificare
1062 3783 1202 3842 illud
1267 3784 1425 3860 quod
1487 3787 1664 3842 vertit
1709 3783 2260 3843 Winckclmannus.
2359 3782 2489 3841 Hac
2536 3785 2688 3842 enim
2736 3786 2999 3842 enuntia-

404 3890 564 3947 tione
609 3890 857 3965 scriptor
901 3887 1117 3947 infitias
1163 3890 1208 3946 it
1249 3890 1501 3965 primum
1547 3904 1654 3946 nos
1702 3904 1832 3946 esse
1878 3885 2131 3965 lyrarum
2180 3886 2592 3963 fabricatoreS,
2644 3885 2851 3946 deinde
2896 3902 3001 3945 nos

401 4009 527 4051 esse
571 3979 851 4072 τοιαύτης
891 3984 1047 4060 τινὸς
1090 3978 1418 4073 ἐπιστήμης
1464 3983 1827 4073 ἐπηβόλους.
1917 3990 2050 4049 Duo
2097 3992 2277 4067 igitur
2321 3991 2663 4067 praedicata
2708 3991 2998 4063 abrogan-

399 4104 492 4155 tur
537 4096 722 4156 eidem
773 4096 1056 4159 subiecto.
1150 4099 1245 4154 An
1315 4098 1362 4155 si
1411 4095 1557 4155 haec
1619 4095 1803 4155 verba
1863 4094 2138 4171 babebis,
2205 4094 2441 4157 πολλοῦ
2493 4093 2581 4155 δεῖ
2636 4088 2795 4176 ἡμᾶς
2853 4087 3005 4156 εἶναι

396 4197 723 4271 πλουσίους
766 4193 868 4261 καὶ
912 4190 1298 4281 εὸδαίμονας,
1367 4208 1591 4262 vertes:
1636 4218 1743 4259 nos
1793 4200 2003 4260 divites
2050 4218 2175 4259 non
2222 4202 2458 4262 eosdem
2491 4201 2744 4260 beatos?
2790 4201 2999 4260 Nonne

398 4311 595 4385 potius
644 4306 1134 4383 interpretaberis,
1182 4324 1301 4365 non
1339 4306 1565 4383 divites,
1612 4323 1731 4364 non
1780 4306 1933 4365 beati
1983 4324 2207 4365 sumus·
2298 4306 2361 4365 Si
2409 4313 2600 4365 autem
2647 4304 2799 4363 nolis
2845 4303 2990 4362 haec

397 4410 737 4490 praedicata
804 4412 958 4469 inter
1025 4428 1088 4469 se
1167 4412 1364 4490 iungi,
1458 4410 1766 4470 dicendum
1844 4410 1949 4470 tibi
2029 4413 2138 4470 erit
2209 4419 2309 4470 aut
2375 4408 2609 4473 πολλοῦ
2677 4405 2770 4468 δεῖ
2832 4390 2991 4486 ἡμᾶς

398 4510 724 4584 πλουσίους
781 4504 957 4585 ὄντας
1000 4507 1107 4578 καὶ
1150 4502 1512 4595 εύδαίμονας
1557 4505 1740 4592 εἶναι,
1806 4510 1899 4597 (et
1957 4514 2106 4573 haec
2160 4502 2393 4574 medela
2438 4524 2636 4573 nostro
2680 4512 2811 4572 loco
2870 4513 2988 4570 iam

399 4619 663 4681 adhibita
694 4615 829 4701 est.)
876 4628 977 4679 aut
1022 4617 1253 4683 πολλοῦ
1298 4616 1391 4679 δεῖ
1433 4612 1763 4687 πλουσίους
1807 4610 1957 4679 εἶναι
2000 4613 2099 4679 καὶ
2143 4605 2506 4698 εόδαίμονας
2557 4658 2572 4676 .
2624 4615 2773 4677 Dele
2824 4617 3001 4695 igitur
