<?xml version="1.0" encoding="UTF-8"?>
<!DOCTYPE html PUBLIC "-//W3C//DTD XHTML 1.0 Transitional//EN"
    "http://www.w3.org/TR/xhtml1/DTD/xhtml1-transitional.dtd">
<html xmlns="http://www.w3.org/1999/xhtml" xml:lang="en" lang="en">
 <head>
  <title>
</title>
<meta http-equiv="Content-Type" content="text/html;charset=utf-8" />
  <meta name='ocr-system' content='tesseract 3.04.00' />
  <meta name='ocr-capabilities' content='ocr_page ocr_carea ocr_par ocr_line ocrx_word'/>
</head>
<body>
  <div class='ocr_page' id='page_1' title='image "./novaecommentati00schagoog/novaecommentati00schagoog_0090.png"; bbox 0 0 3509 5375; ppageno 0'>
   <div class='ocr_carea' id='block_1_1' title="bbox 606 441 688 511">
    <p class='ocr_par' dir='ltr' id='par_1_1' title="bbox 606 441 688 511">
     <span class='ocr_line' id='line_1_1' title="bbox 606 441 688 511; baseline 0.012 -1"><span class='ocrx_word' id='word_1_1' title='bbox 606 441 688 511; x_wconf 73' lang='lat'><strong>&#39;14</strong></span> 
     </span>
    </p>
   </div>
   <div class='ocr_carea' id='block_1_2' title="bbox 591 608 3201 2592">
    <p class='ocr_par' dir='ltr' id='par_1_2' title="bbox 591 608 3201 2592">
     <span class='ocr_line' id='line_1_2' title="bbox 601 608 3199 712; baseline 0 -24"><span class='ocrx_word' id='word_1_2' title='bbox 601 625 791 688; x_wconf 82' lang='grc' dir='ltr'>τινοῦν</span> <span class='ocrx_word' id='word_1_3' title='bbox 839 613 1026 712; x_wconf 74' lang='grc' dir='ltr'><strong>αὸτῆς</strong></span> <span class='ocrx_word' id='word_1_4' title='bbox 1069 617 1253 704; x_wconf 84' lang='grc' dir='ltr'>εἶναι,</span> <span class='ocrx_word' id='word_1_5' title='bbox 1294 610 1473 708; x_wconf 78' lang='grc' dir='ltr'>χάριν</span> <span class='ocrx_word' id='word_1_6' title='bbox 1517 619 1677 710; x_wconf 78' lang='grc' dir='ltr'>ἔχειν</span> <span class='ocrx_word' id='word_1_7' title='bbox 1725 619 1881 708; x_wconf 68' lang='grc' dir='ltr'>δεῖνς</span> <span class='ocrx_word' id='word_1_8' title='bbox 1930 622 2110 704; x_wconf 86' lang='lat' dir='ltr'><strong>Soph.</strong></span> <span class='ocrx_word' id='word_1_9' title='bbox 2157 643 2218 703; x_wconf 89' lang='lat' dir='ltr'><strong>p.</strong></span> <span class='ocrx_word' id='word_1_10' title='bbox 2266 625 2392 687; x_wconf 84' lang='grc'><strong>263</strong></span> <span class='ocrx_word' id='word_1_11' title='bbox 2440 624 2517 691; x_wconf 99' lang='lat' dir='ltr'><strong>D.</strong></span> <span class='ocrx_word' id='word_1_12' title='bbox 2559 622 2697 709; x_wconf 81' lang='grc' dir='ltr'>περὶ</span> <span class='ocrx_word' id='word_1_13' title='bbox 2740 613 2815 708; x_wconf 71' lang='grc' dir='ltr'><strong>δὴ</strong></span> <span class='ocrx_word' id='word_1_14' title='bbox 2865 622 2984 688; x_wconf 76' lang='grc' dir='ltr'><strong>σοῦ</strong></span> <span class='ocrx_word' id='word_1_15' title='bbox 3027 608 3199 709; x_wconf 79' lang='grc' dir='ltr'>λεγό-</span> 
     </span>
     <span class='ocr_line' id='line_1_3' title="bbox 602 713 3200 812; baseline 0.002 -24"><span class='ocrx_word' id='word_1_16' title='bbox 602 745 755 806; x_wconf 83' lang='grc' dir='ltr'>μενα</span> <span class='ocrx_word' id='word_1_17' title='bbox 811 724 1008 809; x_wconf 79' lang='grc' dir='ltr'>μέντοι</span> <span class='ocrx_word' id='word_1_18' title='bbox 1059 717 1293 812; x_wconf 79' lang='grc' dir='ltr'>θάτερα</span> <span class='ocrx_word' id='word_1_19' title='bbox 1354 715 1442 799; x_wconf 70' lang='grc' dir='ltr'><strong>οἷς</strong></span> <span class='ocrx_word' id='word_1_20' title='bbox 1501 719 1578 789; x_wconf 82' lang='grc' dir='ltr'><strong>τοὶ</strong></span> <span class='ocrx_word' id='word_1_21' title='bbox 1641 718 1799 790; x_wconf 67' lang='grc' dir='ltr'>αὕτα</span> <span class='ocrx_word' id='word_1_22' title='bbox 1844 723 1950 791; x_wconf 81' lang='grc' dir='ltr'><strong>καὶ</strong></span> <span class='ocrx_word' id='word_1_23' title='bbox 1992 721 2075 811; x_wconf 77' lang='grc' dir='ltr'><strong>μὴ</strong></span> <span class='ocrx_word' id='word_1_24' title='bbox 2124 718 2272 790; x_wconf 81' lang='grc' dir='ltr'>ὄντα</span> <span class='ocrx_word' id='word_1_25' title='bbox 2319 713 2407 800; x_wconf 72' lang='grc' dir='ltr'><strong>οἷς</strong></span> <span class='ocrx_word' id='word_1_26' title='bbox 2452 718 2627 809; x_wconf 76' lang='grc' dir='ltr'>ὄντα,</span> <span class='ocrx_word' id='word_1_27' title='bbox 2695 718 3072 793; x_wconf 73' lang='grc' dir='ltr'>παντάπασιν</span> <span class='ocrx_word' id='word_1_28' title='bbox 3119 716 3200 801; x_wconf 73' lang='grc' dir='ltr'><strong>οἷς</strong></span> 
     </span>
     <span class='ocr_line' id='line_1_4' title="bbox 601 818 3201 918; baseline 0.002 -26"><span class='ocrx_word' id='word_1_29' title='bbox 601 827 792 894; x_wconf 74' lang='grc' dir='ltr'>ἔοικεν</span> <span class='ocrx_word' id='word_1_30' title='bbox 828 853 891 916; x_wconf 87' lang='grc' dir='ltr'><em>η</em></span> <span class='ocrx_word' id='word_1_31' title='bbox 952 822 1197 918; x_wconf 71' lang='grc' dir='ltr'>τοιαύτη</span> <span class='ocrx_word' id='word_1_32' title='bbox 1256 822 1531 902; x_wconf 67' lang='grc' dir='ltr'>σύνθεσις</span> <span class='ocrx_word' id='word_1_33' title='bbox 1589 829 1660 896; x_wconf 81' lang='grc' dir='ltr'><strong>ἔκ</strong></span> <span class='ocrx_word' id='word_1_34' title='bbox 1703 852 1771 893; x_wconf 89' lang='grc' dir='ltr'><strong>τε</strong></span> <span class='ocrx_word' id='word_1_35' title='bbox 1815 818 2104 914; x_wconf 73' lang='grc' dir='ltr'>ῥημάτων</span> <span class='ocrx_word' id='word_1_36' title='bbox 2150 827 2461 916; x_wconf 74' lang='grc' dir='ltr'>γιγνομένη</span> <span class='ocrx_word' id='word_1_37' title='bbox 2506 829 2612 896; x_wconf 81' lang='grc' dir='ltr'><strong>καὶ</strong></span> <span class='ocrx_word' id='word_1_38' title='bbox 2654 823 2969 915; x_wconf 80' lang='grc' dir='ltr'>ὀνομάτων</span> <span class='ocrx_word' id='word_1_39' title='bbox 3016 852 3201 903; x_wconf 87' lang='grc' dir='ltr'>οντως</span> 
     </span>
     <span class='ocr_line' id='line_1_5' title="bbox 600 920 3201 1026; baseline 0.002 -31"><span class='ocrx_word' id='word_1_40' title='bbox 600 953 666 995; x_wconf 87' lang='grc' dir='ltr'><strong>τε</strong></span> <span class='ocrx_word' id='word_1_41' title='bbox 709 928 810 996; x_wconf 81' lang='grc' dir='ltr'><strong>καὶ</strong></span> <span class='ocrx_word' id='word_1_42' title='bbox 853 926 1107 1026; x_wconf 77' lang='grc' dir='ltr'>ἀ’ληθῶς</span> <span class='ocrx_word' id='word_1_43' title='bbox 1147 935 1454 1026; x_wconf 69' lang='grc' dir='ltr'>γίγνεσθαι</span> <span class='ocrx_word' id='word_1_44' title='bbox 1508 920 1691 1015; x_wconf 75' lang='grc' dir='ltr'>λόγος</span> <span class='ocrx_word' id='word_1_45' title='bbox 1750 924 1983 1020; x_wconf 77' lang='grc' dir='ltr'>ψευδής</span> <span class='ocrx_word' id='word_1_46' title='bbox 2041 939 2285 1015; x_wconf 90' lang='lat' dir='ltr'><strong>Rep.1.</strong></span> <span class='ocrx_word' id='word_1_47' title='bbox 2331 954 2387 1018; x_wconf 88' lang='lat' dir='ltr'><strong>p.</strong></span> <span class='ocrx_word' id='word_1_48' title='bbox 2435 942 2560 998; x_wconf 80' lang='lat'><strong>347</strong></span> <span class='ocrx_word' id='word_1_49' title='bbox 2612 940 2681 999; x_wconf 92' lang='grc' dir='ltr'><strong>Β.</strong></span> <span class='ocrx_word' id='word_1_50' title='bbox 2744 957 2818 999; x_wconf 88' lang='grc' dir='ltr'><strong>ου</strong></span> <span class='ocrx_word' id='word_1_51' title='bbox 2884 927 2962 1018; x_wconf 76' lang='grc' dir='ltr'><strong>δὴ</strong></span> <span class='ocrx_word' id='word_1_52' title='bbox 3026 932 3201 999; x_wconf 77' lang='grc' dir='ltr'>ἕνεκα</span> 
     </span>
     <span class='ocr_line' id='line_1_6' title="bbox 604 1031 3197 1126; baseline 0.001 -26"><span class='ocrx_word' id='word_1_53' title='bbox 604 1058 693 1109; x_wconf 87' lang='grc' dir='ltr'><strong>ως</strong></span> <span class='ocrx_word' id='word_1_54' title='bbox 731 1037 894 1104; x_wconf 75' lang='grc' dir='ltr'>ἔοικε</span> <span class='ocrx_word' id='word_1_55' title='bbox 934 1036 1148 1123; x_wconf 75' lang='grc' dir='ltr'>μισθὸν</span> <span class='ocrx_word' id='word_1_56' title='bbox 1194 1040 1316 1108; x_wconf 80' lang='grc' dir='ltr'>δεῖν</span> <span class='ocrx_word' id='word_1_57' title='bbox 1364 1031 1669 1126; x_wconf 82' lang='grc' dir='ltr'>υπάρχειν.</span> <span class='ocrx_word' id='word_1_58' title='bbox 1759 1041 1831 1104; x_wconf 88' lang='grc' dir='ltr'><strong>Ιιι</strong></span> <span class='ocrx_word' id='word_1_59' title='bbox 1875 1041 1968 1102; x_wconf 85' lang='lat' dir='ltr'><strong>his</strong></span> <span class='ocrx_word' id='word_1_60' title='bbox 2014 1039 2300 1120; x_wconf 78' lang='lat' dir='ltr'><strong>exemplis</strong></span> <span class='ocrx_word' id='word_1_61' title='bbox 2346 1044 2620 1105; x_wconf 85' lang='lat' dir='ltr'><strong>omnibus</strong></span> <span class='ocrx_word' id='word_1_62' title='bbox 2667 1045 3004 1106; x_wconf 77' lang='lat' dir='ltr'><strong>enuntiatio</strong></span> <span class='ocrx_word' id='word_1_63' title='bbox 3048 1042 3197 1102; x_wconf 89' lang='lat' dir='ltr'><strong>rela-</strong></span> 
     </span>
     <span class='ocr_line' id='line_1_7' title="bbox 604 1145 3199 1228; baseline 0.001 -24"><span class='ocrx_word' id='word_1_64' title='bbox 604 1147 727 1204; x_wconf 83' lang='lat' dir='ltr'><strong>tiva</strong></span> <span class='ocrx_word' id='word_1_65' title='bbox 771 1145 1069 1222; x_wconf 82' lang='lat' dir='ltr'><strong>antecedit</strong></span> <span class='ocrx_word' id='word_1_66' title='bbox 1112 1163 1301 1228; x_wconf 83' lang='lat' dir='ltr'><strong>neque</strong></span> <span class='ocrx_word' id='word_1_67' title='bbox 1348 1155 1421 1210; x_wconf 86' lang='lat' dir='ltr'><strong>ut</strong></span> <span class='ocrx_word' id='word_1_68' title='bbox 1454 1148 1666 1224; x_wconf 83' lang='lat' dir='ltr'>opinor</span> <span class='ocrx_word' id='word_1_69' title='bbox 1710 1154 1907 1223; x_wconf 88' lang='lat' dir='ltr'><strong>potest</strong></span> <span class='ocrx_word' id='word_1_70' title='bbox 1949 1150 2131 1208; x_wconf 85' lang='lat' dir='ltr'><strong>statui</strong></span> <span class='ocrx_word' id='word_1_71' title='bbox 2175 1148 2463 1226; x_wconf 72' lang='lat' dir='ltr'><strong>attractio,</strong></span> <span class='ocrx_word' id='word_1_72' title='bbox 2510 1151 2561 1206; x_wconf 88' lang='lat' dir='ltr'><strong>si</strong></span> <span class='ocrx_word' id='word_1_73' title='bbox 2591 1149 2923 1210; x_wconf 77' lang='lat' dir='ltr'><strong>enuntiatio</strong></span> <span class='ocrx_word' id='word_1_74' title='bbox 2958 1147 3199 1210; x_wconf 81' lang='lat' dir='ltr'><strong>relativa</strong></span> 
     </span>
     <span class='ocr_line' id='line_1_8' title="bbox 601 1243 3199 1338; baseline 0.002 -31"><span class='ocrx_word' id='word_1_75' title='bbox 601 1249 985 1336; x_wconf 31' lang='lat' dir='ltr'><strong>infinitivum·</strong></span> <span class='ocrx_word' id='word_1_76' title='bbox 1016 1243 1281 1337; x_wconf 65' lang='lat' dir='ltr'><strong>sequitur</strong></span> <span class='ocrx_word' id='word_1_77' title='bbox 1334 1247 1435 1336; x_wconf 78' lang='lat' dir='ltr'><strong>(cf.</strong></span> <span class='ocrx_word' id='word_1_78' title='bbox 1482 1249 1585 1310; x_wconf 86' lang='lat' dir='ltr'><strong>Kr.</strong></span> <span class='ocrx_word' id='word_1_79' title='bbox 1634 1253 1736 1312; x_wconf 83' lang='lat'><strong>55.</strong></span> <span class='ocrx_word' id='word_1_80' title='bbox 1784 1254 1844 1310; x_wconf 81' lang='lat'><strong>4.</strong></span> <span class='ocrx_word' id='word_1_81' title='bbox 1892 1246 1994 1336; x_wconf 83' lang='lat'><strong>⁷),</strong></span> <span class='ocrx_word' id='word_1_82' title='bbox 2067 1250 2222 1338; x_wconf 86' lang='lat' dir='ltr'><strong>quod</strong></span> <span class='ocrx_word' id='word_1_83' title='bbox 2284 1260 2407 1314; x_wconf 88' lang='lat' dir='ltr'><strong>tum</strong></span> <span class='ocrx_word' id='word_1_84' title='bbox 2479 1252 2721 1338; x_wconf 83' lang='lat' dir='ltr'><strong>verbum</strong></span> <span class='ocrx_word' id='word_1_85' title='bbox 2781 1253 3199 1314; x_wconf 75' lang='lat' dir='ltr'><strong>enuntiationis</strong></span> 
     </span>
     <span class='ocr_line' id='line_1_9' title="bbox 609 1354 3199 1440; baseline 0 -26"><span class='ocrx_word' id='word_1_86' title='bbox 609 1354 893 1440; x_wconf 72' lang='lat' dir='ltr'><strong>relativae</strong></span> <span class='ocrx_word' id='word_1_87' title='bbox 936 1373 1060 1420; x_wconf 82' lang='lat' dir='ltr'><strong>non</strong></span> <span class='ocrx_word' id='word_1_88' title='bbox 1102 1365 1302 1436; x_wconf 75' lang='lat' dir='ltr'><strong>potest</strong></span> <span class='ocrx_word' id='word_1_89' title='bbox 1351 1359 1466 1415; x_wconf 88' lang='lat' dir='ltr'><strong>vim</strong></span> <span class='ocrx_word' id='word_1_90' title='bbox 1512 1355 1731 1416; x_wconf 87' lang='lat' dir='ltr'><strong>habere</strong></span> <span class='ocrx_word' id='word_1_91' title='bbox 1777 1358 1836 1414; x_wconf 88' lang='lat' dir='ltr'><strong>in</strong></span> <span class='ocrx_word' id='word_1_92' title='bbox 1884 1355 2128 1418; x_wconf 79' lang='lat' dir='ltr'><strong>verbum</strong></span> <span class='ocrx_word' id='word_1_93' title='bbox 2176 1357 2599 1422; x_wconf 64' lang='lat' dir='ltr'><strong>enuntiationis</strong></span> <span class='ocrx_word' id='word_1_94' title='bbox 2658 1356 2940 1436; x_wconf 72' lang='lat' dir='ltr'><strong>alterius3</strong></span> <span class='ocrx_word' id='word_1_95' title='bbox 3007 1355 3199 1434; x_wconf 77' lang='lat' dir='ltr'><strong>potius</strong></span> 
     </span>
     <span class='ocr_line' id='line_1_10' title="bbox 600 1458 3195 1546; baseline 0.002 -29"><span class='ocrx_word' id='word_1_96' title='bbox 600 1458 701 1520; x_wconf 89' lang='lat' dir='ltr'><strong>hic</strong></span> <span class='ocrx_word' id='word_1_97' title='bbox 734 1535 739 1546; x_wconf 40' lang='grc' dir='ltr'>Ι</span> <span class='ocrx_word' id='word_1_98' title='bbox 776 1476 898 1522; x_wconf 83' lang='lat' dir='ltr'><strong>non</strong></span> <span class='ocrx_word' id='word_1_99' title='bbox 981 1460 1054 1524; x_wconf 80' lang='lat' dir='ltr'><strong>de</strong></span> <span class='ocrx_word' id='word_1_100' title='bbox 1092 1464 1509 1546; x_wconf 33' lang='lat' dir='ltr'><strong>..attractionffi</strong></span> <span class='ocrx_word' id='word_1_101' title='bbox 1587 1460 1709 1542; x_wconf 25' lang='lat' dir='ltr'><strong>sed·</strong></span> <span class='ocrx_word' id='word_1_102' title='bbox 1772 1460 1845 1520; x_wconf 89' lang='lat' dir='ltr'><strong>de</strong></span> <span class='ocrx_word' id='word_1_103' title='bbox 1911 1459 2233 1522; x_wconf 85' lang='lat' dir='ltr'><strong>violatione</strong></span> <span class='ocrx_word' id='word_1_104' title='bbox 2296 1459 2623 1524; x_wconf 63' lang='lat' dir='ltr'><strong>structurae</strong></span> <span class='ocrx_word' id='word_1_105' title='bbox 2691 1461 3006 1526; x_wconf 84' lang='lat' dir='ltr'><strong>dicendum</strong></span> <span class='ocrx_word' id='word_1_106' title='bbox 3075 1464 3195 1523; x_wconf 85' lang='lat' dir='ltr'><strong>erit.</strong></span> 
     </span>
     <span class='ocr_line' id='line_1_11' title="bbox 602 1553 3194 1652; baseline 0 -29"><span class='ocrx_word' id='word_1_107' title='bbox 602 1563 1127 1652; x_wconf 79' lang='lat' dir='ltr'><strong>Winekelmannus</strong></span> <span class='ocrx_word' id='word_1_108' title='bbox 1174 1565 1407 1643; x_wconf 83' lang='lat' dir='ltr'><strong>quidem</strong></span> <span class='ocrx_word' id='word_1_109' title='bbox 1456 1564 1572 1626; x_wconf 90' lang='lat' dir='ltr'><strong>duo</strong></span> <span class='ocrx_word' id='word_1_110' title='bbox 1617 1565 1883 1642; x_wconf 82' lang='lat' dir='ltr'><strong>exempla</strong></span> <span class='ocrx_word' id='word_1_111' title='bbox 1929 1566 2192 1646; x_wconf 81' lang='lat' dir='ltr'><strong>protulit,</strong></span> <span class='ocrx_word' id='word_1_112' title='bbox 2239 1567 2337 1627; x_wconf 89' lang='lat' dir='ltr'><strong>ubi</strong></span> <span class='ocrx_word' id='word_1_113' title='bbox 2384 1553 2707 1630; x_wconf 58' lang='lat' dir='ltr'><strong>infinitivus</strong></span> <span class='ocrx_word' id='word_1_114' title='bbox 2738 1566 3075 1632; x_wconf 78' lang='lat' dir='ltr'><strong>antecedit:</strong></span> <span class='ocrx_word' id='word_1_115' title='bbox 3120 1566 3194 1625; x_wconf 90' lang='lat' dir='ltr'><strong>Is.</strong></span> 
     </span>
     <span class='ocr_line' id='line_1_12' title="bbox 604 1653 3192 1754; baseline 0.001 -27"><span class='ocrx_word' id='word_1_116' title='bbox 604 1667 676 1728; x_wconf 87' lang='lat' dir='ltr'><strong>de</strong></span> <span class='ocrx_word' id='word_1_117' title='bbox 721 1668 971 1752; x_wconf 81' lang='lat' dir='ltr'><strong>Menecl.</strong></span> <span class='ocrx_word' id='word_1_118' title='bbox 1018 1669 1212 1731; x_wconf 75' lang='lat' dir='ltr'><strong>hored.</strong></span> <span class='ocrx_word' id='word_1_119' title='bbox 1273 1673 1310 1741; x_wconf 84' lang='lat'>§</span> <span class='ocrx_word' id='word_1_120' title='bbox 1363 1671 1438 1729; x_wconf 83' lang='lat'><strong>12</strong></span> <span class='ocrx_word' id='word_1_121' title='bbox 1505 1662 1638 1752; x_wconf 76' lang='grc' dir='ltr'>ἐμοὶ</span> <span class='ocrx_word' id='word_1_122' title='bbox 1696 1662 1803 1750; x_wconf 85' lang='grc' dir='ltr'>μὲν</span> <span class='ocrx_word' id='word_1_123' title='bbox 1867 1655 1973 1729; x_wconf 75' lang='grc' dir='ltr'>οὖν</span> <span class='ocrx_word' id='word_1_124' title='bbox 2032 1664 2152 1750; x_wconf 75' lang='grc' dir='ltr'><strong>ἔφη</strong></span> <span class='ocrx_word' id='word_1_125' title='bbox 2199 1666 2537 1751; x_wconf 76' lang='grc' dir='ltr'>συμβαίνειν</span> <span class='ocrx_word' id='word_1_126' title='bbox 2585 1660 2940 1751; x_wconf 64' lang='grc' dir='ltr'>ἀποδημίαν</span> <span class='ocrx_word' id='word_1_127' title='bbox 2990 1653 3078 1754; x_wconf 66' lang='grc' dir='ltr'><strong>οἷς</strong></span> <span class='ocrx_word' id='word_1_128' title='bbox 3120 1658 3192 1752; x_wconf 66' lang='grc' dir='ltr'><strong>ου’</strong></span> 
     </span>
     <span class='ocr_line' id='line_1_13' title="bbox 601 1757 3197 1858; baseline 0 -26"><span class='ocrx_word' id='word_1_129' title='bbox 601 1764 788 1834; x_wconf 76' lang='grc' dir='ltr'>οἶσθα</span> <span class='ocrx_word' id='word_1_130' title='bbox 833 1781 890 1834; x_wconf 87' lang='lat' dir='ltr'><strong>et</strong></span> <span class='ocrx_word' id='word_1_131' title='bbox 935 1772 1114 1850; x_wconf 84' lang='lat' dir='ltr'><strong>Gorg.</strong></span> <span class='ocrx_word' id='word_1_132' title='bbox 1149 1774 1269 1832; x_wconf 86' lang='grc'><strong>482</strong></span> <span class='ocrx_word' id='word_1_133' title='bbox 1305 1773 1379 1832; x_wconf 78' lang='lat' dir='ltr'><strong>D;</strong></span> <span class='ocrx_word' id='word_1_134' title='bbox 1426 1766 1533 1834; x_wconf 81' lang='grc' dir='ltr'><strong>καί</strong></span> <span class='ocrx_word' id='word_1_135' title='bbox 1576 1789 1687 1834; x_wconf 75' lang='lat' dir='ltr'><strong>ooo</strong></span> <span class='ocrx_word' id='word_1_136' title='bbox 1731 1772 2073 1853; x_wconf 78' lang='grc' dir='ltr'>καταγελᾶν</span> <span class='ocrx_word' id='word_1_137' title='bbox 2120 1763 2211 1843; x_wconf 69' lang='grc' dir='ltr'><strong>ὥς</strong></span> <span class='ocrx_word' id='word_1_138' title='bbox 2251 1791 2320 1852; x_wconf 83' lang='grc' dir='ltr'><strong>γε</strong></span> <span class='ocrx_word' id='word_1_139' title='bbox 2363 1793 2464 1856; x_wconf 81' lang='grc' dir='ltr'>μοι</span> <span class='ocrx_word' id='word_1_140' title='bbox 2508 1773 2742 1849; x_wconf 81' lang='grc' dir='ltr'>δοκεῖν,</span> <span class='ocrx_word' id='word_1_141' title='bbox 2790 1762 3006 1855; x_wconf 77' lang='grc' dir='ltr'>ὀρθῶς</span> <span class='ocrx_word' id='word_1_142' title='bbox 3047 1757 3197 1858; x_wconf 61' lang='lat' dir='ltr'><strong>edre.</strong></span> 
     </span>
     <span class='ocr_line' id='line_1_14' title="bbox 602 1869 3195 1982; baseline 0 -42"><span class='ocrx_word' id='word_1_143' title='bbox 602 1877 716 1940; x_wconf 81' lang='lat' dir='ltr'><strong>Sed</strong></span> <span class='ocrx_word' id='word_1_144' title='bbox 746 1878 878 1939; x_wconf 83' lang='lat' dir='ltr'><strong>loco</strong></span> <span class='ocrx_word' id='word_1_145' title='bbox 912 1869 1170 1982; x_wconf 63' lang='lat' dir='ltr'><strong>Gorgiae</strong></span> <span class='ocrx_word' id='word_1_146' title='bbox 1204 1878 1526 1942; x_wconf 79' lang='lat' dir='ltr'><strong>infinitivus</strong></span> <span class='ocrx_word' id='word_1_147' title='bbox 1561 1882 1739 1938; x_wconf 88' lang='lat' dir='ltr'><strong>etiam</strong></span> <span class='ocrx_word' id='word_1_148' title='bbox 1771 1880 1951 1940; x_wconf 84' lang='lat' dir='ltr'><strong>aliam</strong></span> <span class='ocrx_word' id='word_1_149' title='bbox 1998 1878 2074 1937; x_wconf 89' lang='lat' dir='ltr'><strong>ob</strong></span> <span class='ocrx_word' id='word_1_150' title='bbox 2120 1897 2364 1940; x_wconf 88' lang='lat' dir='ltr'><strong>causam</strong></span> <span class='ocrx_word' id='word_1_151' title='bbox 2408 1875 2508 1961; x_wconf 81' lang='lat' dir='ltr'><strong>(cs.</strong></span> <span class='ocrx_word' id='word_1_152' title='bbox 2554 1880 2767 1941; x_wconf 88' lang='lat' dir='ltr'><strong>Stallb.</strong></span> <span class='ocrx_word' id='word_1_153' title='bbox 2814 1873 3022 1942; x_wconf 82' lang='lat' dir='ltr'><strong>adnot.</strong></span> <span class='ocrx_word' id='word_1_154' title='bbox 3050 1869 3195 1955; x_wconf 85' lang='lat' dir='ltr'><strong>crit.)</strong></span> 
     </span>
     <span class='ocr_line' id='line_1_15' title="bbox 600 1975 3197 2066; baseline -0.001 -20"><span class='ocrx_word' id='word_1_155' title='bbox 600 1998 720 2046; x_wconf 84' lang='lat' dir='ltr'><strong>non</strong></span> <span class='ocrx_word' id='word_1_156' title='bbox 762 1975 961 2059; x_wconf 78' lang='lat' dir='ltr'><strong>potest</strong></span> <span class='ocrx_word' id='word_1_157' title='bbox 998 1983 1231 2046; x_wconf 84' lang='lat' dir='ltr'><strong>admitti</strong></span> <span class='ocrx_word' id='word_1_158' title='bbox 1274 1995 1468 2060; x_wconf 81' lang='lat' dir='ltr'><strong>neque</strong></span> <span class='ocrx_word' id='word_1_159' title='bbox 1512 1982 1588 2050; x_wconf 77' lang='lat' dir='ltr'><strong>ab</strong></span> <span class='ocrx_word' id='word_1_160' title='bbox 1634 1984 1957 2046; x_wconf 77' lang='lat' dir='ltr'><strong>editoribus</strong></span> <span class='ocrx_word' id='word_1_161' title='bbox 2002 1983 2296 2046; x_wconf 86' lang='lat' dir='ltr'><strong>admissus</strong></span> <span class='ocrx_word' id='word_1_162' title='bbox 2342 1993 2464 2066; x_wconf 78' lang='lat' dir='ltr'><strong>est,</strong></span> <span class='ocrx_word' id='word_1_163' title='bbox 2522 1985 2595 2047; x_wconf 90' lang='lat' dir='ltr'><strong>de</strong></span> <span class='ocrx_word' id='word_1_164' title='bbox 2638 1987 2771 2047; x_wconf 89' lang='lat' dir='ltr'><strong>loco</strong></span> <span class='ocrx_word' id='word_1_165' title='bbox 2801 1991 3004 2048; x_wconf 84' lang='lat' dir='ltr'><strong>autem</strong></span> <span class='ocrx_word' id='word_1_166' title='bbox 3048 1981 3197 2044; x_wconf 69' lang='lat' dir='ltr'><strong>Isaei</strong></span> 
     </span>
     <span class='ocr_line' id='line_1_16' title="bbox 599 2084 3195 2172; baseline -0.001 -26"><span class='ocrx_word' id='word_1_167' title='bbox 599 2084 1051 2148; x_wconf 85' lang='lat' dir='ltr'><strong>Schoemannus</strong></span> <span class='ocrx_word' id='word_1_168' title='bbox 1083 2105 1145 2164; x_wconf 88' lang='lat' dir='ltr'><strong>p.</strong></span> <span class='ocrx_word' id='word_1_169' title='bbox 1172 2089 1296 2146; x_wconf 79' lang='grc'><strong>207</strong></span> <span class='ocrx_word' id='word_1_170' title='bbox 1331 2090 1412 2146; x_wconf 91' lang='lat' dir='ltr'><strong>ita</strong></span> <span class='ocrx_word' id='word_1_171' title='bbox 1442 2085 1694 2170; x_wconf 79' lang='lat' dir='ltr'><strong>iudicat:</strong></span> <span class='ocrx_word' id='word_1_172' title='bbox 1740 2087 2011 2163; x_wconf 78' lang='lat' dir='ltr'><strong>Interest,</strong></span> <span class='ocrx_word' id='word_1_173' title='bbox 2058 2090 2266 2170; x_wconf 80' lang='lat' dir='ltr'><strong>inquit,</strong></span> <span class='ocrx_word' id='word_1_174' title='bbox 2297 2097 2505 2150; x_wconf 77' lang='lat' dir='ltr'><strong>tamen</strong></span> <span class='ocrx_word' id='word_1_175' title='bbox 2529 2090 2765 2165; x_wconf 74' lang='lat' dir='ltr'><strong>aliquid</strong></span> <span class='ocrx_word' id='word_1_176' title='bbox 2799 2096 3012 2149; x_wconf 74' lang='lat' dir='ltr'><strong>utrum</strong></span> <span class='ocrx_word' id='word_1_177' title='bbox 3038 2093 3195 2172; x_wconf 72' lang='lat' dir='ltr'><strong>ante·</strong></span> 
     </span>
     <span class='ocr_line' id='line_1_17' title="bbox 600 2163 3193 2276; baseline -0.001 -26"><span class='ocrx_word' id='word_1_178' title='bbox 600 2190 772 2250; x_wconf 84' lang='lat' dir='ltr'><strong>cedat</strong></span> <span class='ocrx_word' id='word_1_179' title='bbox 806 2210 857 2249; x_wconf 89' lang='grc' dir='ltr'>ω</span> <span class='ocrx_word' id='word_1_180' title='bbox 872 2208 903 2259; x_wconf 89' lang='grc' dir='ltr'>ς</span> <span class='ocrx_word' id='word_1_181' title='bbox 936 2208 1072 2251; x_wconf 83' lang='lat' dir='ltr'><strong>cum</strong></span> <span class='ocrx_word' id='word_1_182' title='bbox 1107 2183 1285 2250; x_wconf 78' lang='lat' dir='ltr'><strong>verbo</strong></span> <span class='ocrx_word' id='word_1_183' title='bbox 1308 2190 1675 2268; x_wconf 74' lang='lat' dir='ltr'><strong>infinitivum</strong></span> <span class='ocrx_word' id='word_1_184' title='bbox 1699 2198 1935 2267; x_wconf 67' lang='lat' dir='ltr'><strong>repente</strong></span> <span class='ocrx_word' id='word_1_185' title='bbox 1962 2208 2047 2251; x_wconf 80' lang='lat' dir='ltr'><strong>an</strong></span> <span class='ocrx_word' id='word_1_186' title='bbox 2071 2187 2488 2276; x_wconf 66' lang='lat' dir='ltr'><strong>subsequatur.</strong></span> <span class='ocrx_word' id='word_1_187' title='bbox 2535 2192 2699 2252; x_wconf 87' lang='lat' dir='ltr'><strong>Nam</strong></span> <span class='ocrx_word' id='word_1_188' title='bbox 2744 2193 2846 2254; x_wconf 82' lang='lat' dir='ltr'><strong>ubi</strong></span> <span class='ocrx_word' id='word_1_189' title='bbox 2894 2163 3193 2268; x_wconf 73' lang='lat' dir='ltr'><strong>antecedit,</strong></span> 
     </span>
     <span class='ocr_line' id='line_1_18' title="bbox 600 2290 3196 2376; baseline -0.002 -20"><span class='ocrx_word' id='word_1_190' title='bbox 600 2296 912 2371; x_wconf 74' lang='lat' dir='ltr'><strong>scriptores</strong></span> <span class='ocrx_word' id='word_1_191' title='bbox 941 2298 1123 2355; x_wconf 76' lang='lat' dir='ltr'><strong>unius</strong></span> <span class='ocrx_word' id='word_1_192' title='bbox 1153 2294 1319 2354; x_wconf 80' lang='lat' dir='ltr'><strong>verbi</strong></span> <span class='ocrx_word' id='word_1_193' title='bbox 1345 2312 1635 2358; x_wconf 77' lang='lat' dir='ltr'><strong>memores</strong></span> <span class='ocrx_word' id='word_1_194' title='bbox 1656 2293 2001 2371; x_wconf 74' lang='lat' dir='ltr'><strong>particulae</strong></span> <span class='ocrx_word' id='word_1_195' title='bbox 2023 2295 2202 2373; x_wconf 76' lang='lat' dir='ltr'><strong>facile</strong></span> <span class='ocrx_word' id='word_1_196' title='bbox 2233 2296 2494 2360; x_wconf 78' lang='lat' dir='ltr'><strong>oblivisci</strong></span> <span class='ocrx_word' id='word_1_197' title='bbox 2516 2305 2880 2376; x_wconf 72' lang='lat' dir='ltr'><strong>potuerunt·</strong></span> <span class='ocrx_word' id='word_1_198' title='bbox 2864 2338 2882 2373; x_wconf 91' lang='lat'>‚</span> <span class='ocrx_word' id='word_1_199' title='bbox 2930 2295 3034 2358; x_wconf 76' lang='lat' dir='ltr'><strong>ubi</strong></span> <span class='ocrx_word' id='word_1_200' title='bbox 3068 2290 3196 2352; x_wconf 72' lang='lat' dir='ltr'><strong>srib-</strong></span> 
     </span>
     <span class='ocr_line' id='line_1_19' title="bbox 599 2395 3199 2488; baseline -0.002 -26"><span class='ocrx_word' id='word_1_201' title='bbox 599 2404 862 2477; x_wconf 77' lang='lat' dir='ltr'><strong>sequitur</strong></span> <span class='ocrx_word' id='word_1_202' title='bbox 890 2401 1078 2488; x_wconf 71' lang='lat' dir='ltr'><strong>multo</strong></span> <span class='ocrx_word' id='word_1_203' title='bbox 1107 2417 1254 2459; x_wconf 80' lang='lat' dir='ltr'><strong>sane</strong></span> <span class='ocrx_word' id='word_1_204' title='bbox 1283 2400 1494 2460; x_wconf 77' lang='lat' dir='ltr'><strong>durior</strong></span> <span class='ocrx_word' id='word_1_205' title='bbox 1524 2406 1606 2458; x_wconf 80' lang='lat' dir='ltr'><strong>est</strong></span> <span class='ocrx_word' id='word_1_206' title='bbox 1629 2406 1962 2459; x_wconf 79' lang='lat' dir='ltr'><strong>structurae</strong></span> <span class='ocrx_word' id='word_1_207' title='bbox 1987 2399 2382 2470; x_wconf 73' lang='lat' dir='ltr'><strong>abnormitas.</strong></span> <span class='ocrx_word' id='word_1_208' title='bbox 2436 2396 2835 2479; x_wconf 78' lang='lat' dir='ltr'><strong>Quamobrem</strong></span> <span class='ocrx_word' id='word_1_209' title='bbox 2857 2401 3017 2464; x_wconf 84' lang='lat' dir='ltr'><strong>talia</strong></span> <span class='ocrx_word' id='word_1_210' title='bbox 3039 2395 3199 2476; x_wconf 60' lang='lat' dir='ltr'><strong>apud</strong></span> 
     </span>
     <span class='ocr_line' id='line_1_20' title="bbox 591 2500 3193 2592; baseline -0.003 -26"><span class='ocrx_word' id='word_1_211' title='bbox 591 2509 806 2584; x_wconf 73' lang='lat' dir='ltr'><strong>poetas</strong></span> <span class='ocrx_word' id='word_1_212' title='bbox 838 2504 1094 2582; x_wconf 76' lang='lat' dir='ltr'><strong>ferenda</strong></span> <span class='ocrx_word' id='word_1_213' title='bbox 1111 2511 1291 2592; x_wconf 41' lang='lat' dir='ltr'><strong>puto.¹</strong></span> <span class='ocrx_word' id='word_1_214' title='bbox 1336 2502 1678 2563; x_wconf 71' lang='lat' dir='ltr'><strong>oratoribus</strong></span> <span class='ocrx_word' id='word_1_215' title='bbox 1702 2504 1996 2584; x_wconf 73' lang='lat' dir='ltr'><strong>placuisse</strong></span> <span class='ocrx_word' id='word_1_216' title='bbox 2041 2521 2169 2565; x_wconf 77' lang='lat' dir='ltr'><strong>non</strong></span> <span class='ocrx_word' id='word_1_217' title='bbox 2200 2505 2391 2567; x_wconf 82' lang='lat' dir='ltr'><strong>credo.</strong></span> <span class='ocrx_word' id='word_1_218' title='bbox 2480 2508 2572 2566; x_wconf 90' lang='lat' dir='ltr'><strong>Ac</strong></span> <span class='ocrx_word' id='word_1_219' title='bbox 2613 2525 2686 2566; x_wconf 88' lang='lat' dir='ltr'><strong>ne</strong></span> <span class='ocrx_word' id='word_1_220' title='bbox 2727 2507 2922 2585; x_wconf 86' lang='lat' dir='ltr'><strong>poetis</strong></span> <span class='ocrx_word' id='word_1_221' title='bbox 2969 2500 3193 2581; x_wconf 86' lang='lat' dir='ltr'><strong>quidem</strong></span> 
     </span>
    </p>
   </div>
   <div class='ocr_carea' id='block_1_3' title="bbox 2466 2699 3048 2729">
    <p class='ocr_par' dir='ltr' id='par_1_3' title="bbox 2466 2699 3048 2729">
     <span class='ocr_line' id='line_1_21' title="bbox 2466 2699 3048 2729; baseline 0.002 -2"><span class='ocrx_word' id='word_1_222' title='bbox 2466 2699 3048 2729; x_wconf 51' lang='lat'>&#39;&#39;&#39;&#39;&#39;&#39;</span> 
     </span>
    </p>
   </div>
   <div class='ocr_carea' id='block_1_4' title="bbox 598 2805 3187 4565">
    <p class='ocr_par' dir='ltr' id='par_1_4' title="bbox 598 2805 3187 4459">
     <span class='ocr_line' id='line_1_22' title="bbox 599 2805 3187 2899; baseline -0.002 -22"><span class='ocrx_word' id='word_1_223' title='bbox 599 2836 657 2877; x_wconf 75' lang='grc' dir='ltr'><strong>ιι.</strong></span> <span class='ocrx_word' id='word_1_224' title='bbox 700 2836 753 2883; x_wconf 82' lang='grc' dir='ltr'><strong>τ.</strong></span> <span class='ocrx_word' id='word_1_225' title='bbox 781 2816 838 2879; x_wconf 91' lang='grc' dir='ltr'><strong>λ.</strong></span> <span class='ocrx_word' id='word_1_226' title='bbox 924 2818 1136 2899; x_wconf 86' lang='lat' dir='ltr'><strong>Itaque</strong></span> <span class='ocrx_word' id='word_1_227' title='bbox 1166 2826 1368 2881; x_wconf 90' lang='lat' dir='ltr'><strong>nostro</strong></span> <span class='ocrx_word' id='word_1_228' title='bbox 1410 2817 1544 2877; x_wconf 90' lang='lat' dir='ltr'><strong>loco</strong></span> <span class='ocrx_word' id='word_1_229' title='bbox 1590 2819 1745 2877; x_wconf 79' lang='lat' dir='ltr'><strong>facio</strong></span> <span class='ocrx_word' id='word_1_230' title='bbox 1792 2834 1922 2877; x_wconf 89' lang='lat' dir='ltr'><strong>cum</strong></span> <span class='ocrx_word' id='word_1_231' title='bbox 1969 2819 2060 2894; x_wconf 88' lang='lat' dir='ltr'><strong>iis,</strong></span> <span class='ocrx_word' id='word_1_232' title='bbox 2105 2819 2206 2894; x_wconf 89' lang='lat' dir='ltr'><strong>qui</strong></span> <span class='ocrx_word' id='word_1_233' title='bbox 2251 2814 2535 2879; x_wconf 89' lang='lat' dir='ltr'><strong>dederunt</strong></span> <span class='ocrx_word' id='word_1_234' title='bbox 2579 2808 2671 2877; x_wconf 76' lang='grc' dir='ltr'><strong>δεῖ</strong></span> <span class='ocrx_word' id='word_1_235' title='bbox 2713 2805 2841 2898; x_wconf 77' lang='grc' dir='ltr'><strong>ἄρα</strong></span> <span class='ocrx_word' id='word_1_236' title='bbox 2875 2810 3187 2894; x_wconf 75' lang='lat' dir='ltr'><strong>comparo-</strong></span> 
     </span>
     <span class='ocr_line' id='line_1_23' title="bbox 603 2909 3184 3009; baseline -0.002 -28"><span class='ocrx_word' id='word_1_237' title='bbox 603 2941 715 3003; x_wconf 85' lang='lat' dir='ltr'><strong>que</strong></span> <span class='ocrx_word' id='word_1_238' title='bbox 757 2941 817 3000; x_wconf 86' lang='lat' dir='ltr'><strong>p.</strong></span> <span class='ocrx_word' id='word_1_239' title='bbox 864 2924 989 2983; x_wconf 83' lang='lat'><strong>289</strong></span> <span class='ocrx_word' id='word_1_240' title='bbox 1036 2925 1108 2986; x_wconf 94' lang='grc' dir='ltr'><strong>Β.</strong></span> <span class='ocrx_word' id='word_1_241' title='bbox 1151 2920 1389 3009; x_wconf 79' lang='grc' dir='ltr'>πολλοῦ</span> <span class='ocrx_word' id='word_1_242' title='bbox 1429 2909 1556 3005; x_wconf 78' lang='grc' dir='ltr'><strong>ἄρα</strong></span> <span class='ocrx_word' id='word_1_243' title='bbox 1602 2939 1689 2990; x_wconf 89' lang='grc' dir='ltr'><strong>ως</strong></span> <span class='ocrx_word' id='word_1_244' title='bbox 1730 2916 1912 2982; x_wconf 76' lang='grc' dir='ltr'>ἔοικε.</span> <span class='ocrx_word' id='word_1_245' title='bbox 2002 2921 2184 3000; x_wconf 86' lang='lat' dir='ltr'><strong>Hipp.</strong></span> <span class='ocrx_word' id='word_1_246' title='bbox 2232 2923 2352 2983; x_wconf 87' lang='grc'><strong>231</strong></span> <span class='ocrx_word' id='word_1_247' title='bbox 2401 2921 2478 2985; x_wconf 89' lang='lat' dir='ltr'><strong>D.</strong></span> <span class='ocrx_word' id='word_1_248' title='bbox 2545 2918 2638 2982; x_wconf 77' lang='grc' dir='ltr'><strong>δεῖ</strong></span> <span class='ocrx_word' id='word_1_249' title='bbox 2697 2911 2824 3007; x_wconf 83' lang='grc' dir='ltr'><strong>ἄρα</strong></span> <span class='ocrx_word' id='word_1_250' title='bbox 2882 2938 2971 2991; x_wconf 86' lang='grc' dir='ltr'><strong>ως</strong></span> <span class='ocrx_word' id='word_1_251' title='bbox 3012 2911 3184 2977; x_wconf 76' lang='grc' dir='ltr'>ἔοικε.</span> 
     </span>
     <span class='ocr_line' id='line_1_24' title="bbox 605 3010 3184 3105; baseline -0.005 -16"><span class='ocrx_word' id='word_1_252' title='bbox 605 3026 808 3089; x_wconf 82' lang='lat' dir='ltr'><strong>Altero</strong></span> <span class='ocrx_word' id='word_1_253' title='bbox 843 3029 985 3089; x_wconf 84' lang='lat' dir='ltr'><strong>vitio</strong></span> <span class='ocrx_word' id='word_1_254' title='bbox 1012 3026 1182 3087; x_wconf 85' lang='lat' dir='ltr'><strong>locus</strong></span> <span class='ocrx_word' id='word_1_255' title='bbox 1213 3027 1446 3085; x_wconf 84' lang='lat' dir='ltr'><strong>laborat</strong></span> <span class='ocrx_word' id='word_1_256' title='bbox 1489 3029 1550 3084; x_wconf 87' lang='lat' dir='ltr'><strong>in</strong></span> <span class='ocrx_word' id='word_1_257' title='bbox 1585 3025 1777 3085; x_wconf 85' lang='lat' dir='ltr'><strong>verbis</strong></span> <span class='ocrx_word' id='word_1_258' title='bbox 1824 3042 1910 3097; x_wconf 84' lang='grc' dir='ltr'><strong>ως</strong></span> <span class='ocrx_word' id='word_1_259' title='bbox 1955 3013 2130 3087; x_wconf 76' lang='grc' dir='ltr'>οόδὲν</span> <span class='ocrx_word' id='word_1_260' title='bbox 2177 3013 2407 3104; x_wconf 80' lang='grc' dir='ltr'>ὄφελος</span> <span class='ocrx_word' id='word_1_261' title='bbox 2448 3023 2558 3105; x_wconf 81' lang='grc' dir='ltr'><strong>τῆς</strong></span> <span class='ocrx_word' id='word_1_262' title='bbox 2600 3010 2877 3104; x_wconf 81' lang='grc' dir='ltr'>κτήσεως</span> <span class='ocrx_word' id='word_1_263' title='bbox 2919 3016 3184 3101; x_wconf 79' lang='grc' dir='ltr'>γίγνεται.</span> 
     </span>
     <span class='ocr_line' id='line_1_25' title="bbox 601 3119 3184 3209; baseline -0.004 -19"><span class='ocrx_word' id='word_1_264' title='bbox 601 3130 751 3193; x_wconf 76' lang='lat' dir='ltr'><strong>Cum</strong></span> <span class='ocrx_word' id='word_1_265' title='bbox 794 3129 1161 3195; x_wconf 85' lang='lat' dir='ltr'><strong>Jambliehus</strong></span> <span class='ocrx_word' id='word_1_266' title='bbox 1206 3147 1312 3209; x_wconf 88' lang='lat' dir='ltr'><strong>pro</strong></span> <span class='ocrx_word' id='word_1_267' title='bbox 1361 3146 1447 3198; x_wconf 86' lang='grc' dir='ltr'><strong>ως</strong></span> <span class='ocrx_word' id='word_1_268' title='bbox 1490 3130 1771 3207; x_wconf 85' lang='lat' dir='ltr'><strong>praebeat</strong></span> <span class='ocrx_word' id='word_1_269' title='bbox 1830 3119 1943 3208; x_wconf 82' lang='grc' dir='ltr'>ἥν,</span> <span class='ocrx_word' id='word_1_270' title='bbox 2009 3127 2303 3189; x_wconf 84' lang='lat' dir='ltr'><strong>Bouthius</strong></span> <span class='ocrx_word' id='word_1_271' title='bbox 2350 3127 2528 3188; x_wconf 87' lang='lat' dir='ltr'><strong>homo</strong></span> <span class='ocrx_word' id='word_1_272' title='bbox 2561 3124 2896 3191; x_wconf 80' lang='lat' dir='ltr'><strong>Britannus</strong></span> <span class='ocrx_word' id='word_1_273' title='bbox 2944 3124 3184 3186; x_wconf 88' lang='lat' dir='ltr'><strong>coniecit</strong></span> 
     </span>
     <span class='ocr_line' id='line_1_26' title="bbox 598 3224 3181 3314; baseline -0.004 -21"><span class='ocrx_word' id='word_1_274' title='bbox 598 3252 639 3314; x_wconf 88' lang='grc' dir='ltr'><em>η</em></span> <span class='ocrx_word' id='word_1_275' title='bbox 689 3252 805 3313; x_wconf 90' lang='lat' dir='ltr'><strong>quo</strong></span> <span class='ocrx_word' id='word_1_276' title='bbox 850 3234 1014 3299; x_wconf 88' lang='lat' dir='ltr'><strong>locus</strong></span> <span class='ocrx_word' id='word_1_277' title='bbox 1046 3239 1415 3296; x_wconf 88' lang='lat' dir='ltr'><strong>sententiam</strong></span> <span class='ocrx_word' id='word_1_278' title='bbox 1430 3252 1635 3295; x_wconf 87' lang='lat' dir='ltr'><strong>veram</strong></span> <span class='ocrx_word' id='word_1_279' title='bbox 1665 3235 1913 3311; x_wconf 79' lang='lat' dir='ltr'><strong>accipit3</strong></span> <span class='ocrx_word' id='word_1_280' title='bbox 1962 3241 2024 3291; x_wconf 92' lang='lat' dir='ltr'><strong>ut</strong></span> <span class='ocrx_word' id='word_1_281' title='bbox 2053 3240 2252 3295; x_wconf 85' lang='lat' dir='ltr'><strong>autem</strong></span> <span class='ocrx_word' id='word_1_282' title='bbox 2283 3232 2448 3295; x_wconf 85' lang='lat' dir='ltr'><strong>locus</strong></span> <span class='ocrx_word' id='word_1_283' title='bbox 2478 3249 2634 3293; x_wconf 86' lang='lat' dir='ltr'><strong>nunc</strong></span> <span class='ocrx_word' id='word_1_284' title='bbox 2679 3231 2894 3308; x_wconf 85' lang='lat' dir='ltr'><strong>legitur</strong></span> <span class='ocrx_word' id='word_1_285' title='bbox 2938 3230 2999 3293; x_wconf 86' lang='lat' dir='ltr'><strong>id</strong></span> <span class='ocrx_word' id='word_1_286' title='bbox 3031 3224 3181 3305; x_wconf 88' lang='lat' dir='ltr'><strong>quod</strong></span> 
     </span>
     <span class='ocr_line' id='line_1_27' title="bbox 604 3333 3178 3429; baseline -0.004 -31"><span class='ocrx_word' id='word_1_287' title='bbox 604 3339 794 3407; x_wconf 82' lang='lat' dir='ltr'><strong>dicere</strong></span> <span class='ocrx_word' id='word_1_288' title='bbox 823 3340 952 3400; x_wconf 85' lang='lat' dir='ltr'><strong>vult</strong></span> <span class='ocrx_word' id='word_1_289' title='bbox 993 3343 1259 3418; x_wconf 84' lang='lat' dir='ltr'><strong>scriptor,</strong></span> <span class='ocrx_word' id='word_1_290' title='bbox 1307 3338 1423 3399; x_wconf 88' lang='lat' dir='ltr'><strong>alio</strong></span> <span class='ocrx_word' id='word_1_291' title='bbox 1470 3338 1647 3429; x_wconf 79' lang='lat' dir='ltr'><strong>modo</strong></span> <span class='ocrx_word' id='word_1_292' title='bbox 1695 3357 1728 3399; x_wconf 94' lang='lat' dir='ltr'><strong>e</strong></span> <span class='ocrx_word' id='word_1_293' title='bbox 1774 3340 2148 3425; x_wconf 73' lang='lat' dir='ltr'><strong>possessione</strong></span> <span class='ocrx_word' id='word_1_294' title='bbox 2190 3337 2418 3399; x_wconf 81' lang='lat' dir='ltr'><strong>nullam</strong></span> <span class='ocrx_word' id='word_1_295' title='bbox 2466 3338 2780 3399; x_wconf 86' lang='lat' dir='ltr'><strong>utilitatem</strong></span> <span class='ocrx_word' id='word_1_296' title='bbox 2824 3333 3178 3397; x_wconf 85' lang='lat' dir='ltr'><strong>redundatu-</strong></span> 
     </span>
     <span class='ocr_line' id='line_1_28' title="bbox 602 3441 3183 3535; baseline -0.004 -33"><span class='ocrx_word' id='word_1_297' title='bbox 602 3461 727 3505; x_wconf 81' lang='lat' dir='ltr'><strong>ram</strong></span> <span class='ocrx_word' id='word_1_298' title='bbox 788 3460 950 3535; x_wconf 76' lang='lat' dir='ltr'><strong>esse,</strong></span> <span class='ocrx_word' id='word_1_299' title='bbox 1011 3461 1386 3529; x_wconf 82' lang='lat' dir='ltr'><strong>nequaquam</strong></span> <span class='ocrx_word' id='word_1_300' title='bbox 1448 3443 1590 3502; x_wconf 87' lang='lat' dir='ltr'><strong>dicit</strong></span> <span class='ocrx_word' id='word_1_301' title='bbox 1634 3451 1945 3520; x_wconf 80' lang='lat' dir='ltr'><strong>errantque</strong></span> <span class='ocrx_word' id='word_1_302' title='bbox 1989 3445 2328 3518; x_wconf 81' lang='lat' dir='ltr'><strong>interpretes</strong></span> <span class='ocrx_word' id='word_1_303' title='bbox 2375 3442 2475 3518; x_wconf 87' lang='lat' dir='ltr'><strong>qui</strong></span> <span class='ocrx_word' id='word_1_304' title='bbox 2518 3441 2674 3527; x_wconf 77' lang='lat' dir='ltr'><strong>hunc</strong></span> <span class='ocrx_word' id='word_1_305' title='bbox 2717 3457 2955 3501; x_wconf 86' lang='lat' dir='ltr'><strong>sensum</strong></span> <span class='ocrx_word' id='word_1_306' title='bbox 3001 3444 3183 3497; x_wconf 85' lang='lat' dir='ltr'><strong>extor-</strong></span> 
     </span>
     <span class='ocr_line' id='line_1_29' title="bbox 604 3520 3179 3629; baseline -0.004 -20"><span class='ocrx_word' id='word_1_307' title='bbox 604 3564 784 3625; x_wconf 86' lang='lat' dir='ltr'><strong>quere</strong></span> <span class='ocrx_word' id='word_1_308' title='bbox 830 3545 1012 3608; x_wconf 87' lang='lat' dir='ltr'><strong>velint</strong></span> <span class='ocrx_word' id='word_1_309' title='bbox 1055 3547 1163 3627; x_wconf 85' lang='grc' dir='ltr'><strong>τῆς</strong></span> <span class='ocrx_word' id='word_1_310' title='bbox 1205 3565 1310 3624; x_wconf 89' lang='lat' dir='ltr'><strong>pro</strong></span> <span class='ocrx_word' id='word_1_311' title='bbox 1355 3533 1545 3629; x_wconf 79' lang='grc' dir='ltr'>μόνης</span> <span class='ocrx_word' id='word_1_312' title='bbox 1592 3546 1685 3607; x_wconf 86' lang='lat' dir='ltr'><strong>vel</strong></span> <span class='ocrx_word' id='word_1_313' title='bbox 1732 3534 1920 3627; x_wconf 81' lang='grc' dir='ltr'>αυτῆς</span> <span class='ocrx_word' id='word_1_314' title='bbox 1964 3548 2335 3625; x_wconf 83' lang='lat' dir='ltr'><strong>accipientes.</strong></span> <span class='ocrx_word' id='word_1_315' title='bbox 2430 3520 2826 3622; x_wconf 76' lang='lat' dir='ltr'><strong>Amplecterer</strong></span> <span class='ocrx_word' id='word_1_316' title='bbox 2857 3559 2998 3623; x_wconf 75' lang='lat' dir='ltr'><strong>ergo</strong></span> <span class='ocrx_word' id='word_1_317' title='bbox 3029 3540 3179 3602; x_wconf 85' lang='lat' dir='ltr'><strong>Rou-</strong></span> 
     </span>
     <span class='ocr_line' id='line_1_30' title="bbox 599 3647 3178 3729; baseline -0.005 -16"><span class='ocrx_word' id='word_1_318' title='bbox 599 3652 706 3713; x_wconf 82' lang='lat' dir='ltr'><strong>thii</strong></span> <span class='ocrx_word' id='word_1_319' title='bbox 753 3655 1167 3729; x_wconf 85' lang='lat' dir='ltr'><strong>coniecturam,</strong></span> <span class='ocrx_word' id='word_1_320' title='bbox 1214 3654 1275 3719; x_wconf 79' lang='lat' dir='ltr'><strong>ni</strong></span> <span class='ocrx_word' id='word_1_321' title='bbox 1318 3654 1463 3719; x_wconf 76' lang='lat' dir='ltr'><strong>artis</strong></span> <span class='ocrx_word' id='word_1_322' title='bbox 1506 3649 2042 3727; x_wconf 81' lang='lat' dir='ltr'><strong>palaeographicae</strong></span> <span class='ocrx_word' id='word_1_323' title='bbox 2092 3652 2377 3708; x_wconf 86' lang='lat' dir='ltr'><strong>rationem</strong></span> <span class='ocrx_word' id='word_1_324' title='bbox 2407 3655 2662 3726; x_wconf 87' lang='lat' dir='ltr'><strong>spretam</strong></span> <span class='ocrx_word' id='word_1_325' title='bbox 2709 3647 3004 3724; x_wconf 80' lang='lat' dir='ltr'><strong>viderem3</strong></span> <span class='ocrx_word' id='word_1_326' title='bbox 3049 3659 3178 3703; x_wconf 84' lang='lat' dir='ltr'><strong>nam</strong></span> 
     </span>
     <span class='ocr_line' id='line_1_31' title="bbox 600 3740 3178 3871; baseline -0.005 -55"><span class='ocrx_word' id='word_1_327' title='bbox 600 3758 1046 3834; x_wconf 85' lang='lat' dir='ltr'><strong>permutationis</strong></span> <span class='ocrx_word' id='word_1_328' title='bbox 1094 3755 1404 3817; x_wconf 85' lang='lat' dir='ltr'><strong>verborum</strong></span> <span class='ocrx_word' id='word_1_329' title='bbox 1448 3740 1496 3834; x_wconf 75' lang='grc' dir='ltr'><em>ἢ</em></span> <span class='ocrx_word' id='word_1_330' title='bbox 1523 3763 1585 3819; x_wconf 78' lang='lat' dir='ltr'><strong>et</strong></span> <span class='ocrx_word' id='word_1_331' title='bbox 1625 3773 1713 3824; x_wconf 87' lang='grc' dir='ltr'><strong>ως</strong></span> <span class='ocrx_word' id='word_1_332' title='bbox 1756 3754 1983 3815; x_wconf 86' lang='lat' dir='ltr'><strong>nullum</strong></span> <span class='ocrx_word' id='word_1_333' title='bbox 2015 3757 2156 3815; x_wconf 86' lang='lat' dir='ltr'><strong>novi</strong></span> <span class='ocrx_word' id='word_1_334' title='bbox 2201 3752 2556 3830; x_wconf 83' lang='lat' dir='ltr'><strong>exemplum.</strong></span> <span class='ocrx_word' id='word_1_335' title='bbox 2601 3753 2811 3871; x_wconf 72' lang='lat' dir='ltr'><strong>Itaque</strong></span> <span class='ocrx_word' id='word_1_336' title='bbox 2841 3761 2984 3829; x_wconf 87' lang='lat' dir='ltr'><strong>puto</strong></span> <span class='ocrx_word' id='word_1_337' title='bbox 3015 3753 3178 3809; x_wconf 88' lang='lat' dir='ltr'><strong>inter·</strong></span> 
     </span>
     <span class='ocr_line' id='line_1_32' title="bbox 601 3837 3180 3953; baseline -0.004 -34"><span class='ocrx_word' id='word_1_338' title='bbox 601 3860 812 3921; x_wconf 87' lang='lat' dir='ltr'><strong>cidisse</strong></span> <span class='ocrx_word' id='word_1_339' title='bbox 844 3846 1053 3953; x_wconf 55' lang='grc' dir='ltr'>αλλιυς</span> <span class='ocrx_word' id='word_1_340' title='bbox 1081 3867 1216 3938; x_wconf 91' lang='lat' dir='ltr'><strong>post</strong></span> <span class='ocrx_word' id='word_1_341' title='bbox 1247 3876 1333 3928; x_wconf 90' lang='grc' dir='ltr'><strong>ως</strong></span> <span class='ocrx_word' id='word_1_342' title='bbox 1365 3859 1436 3923; x_wconf 80' lang='lat' dir='ltr'><strong>cf.</strong></span> <span class='ocrx_word' id='word_1_343' title='bbox 1465 3855 1609 3937; x_wconf 89' lang='lat' dir='ltr'><strong>Rep.</strong></span> <span class='ocrx_word' id='word_1_344' title='bbox 1637 3858 1744 3922; x_wconf 91' lang='lat' dir='ltr'><strong>III.</strong></span> <span class='ocrx_word' id='word_1_345' title='bbox 1775 3877 1835 3937; x_wconf 94' lang='lat' dir='ltr'><strong>p.</strong></span> <span class='ocrx_word' id='word_1_346' title='bbox 1860 3860 1986 3918; x_wconf 85' lang='lat'><strong>390</strong></span> <span class='ocrx_word' id='word_1_347' title='bbox 2018 3861 2085 3918; x_wconf 85' lang='lat' dir='ltr'><strong>E.</strong></span> <span class='ocrx_word' id='word_1_348' title='bbox 2121 3842 2249 3918; x_wconf 72' lang='grc' dir='ltr'>ουδ’</span> <span class='ocrx_word' id='word_1_349' title='bbox 2279 3873 2461 3917; x_wconf 88' lang='grc' dir='ltr'>αυτον</span> <span class='ocrx_word' id='word_1_350' title='bbox 2492 3874 2594 3915; x_wconf 90' lang='grc' dir='ltr'>τον</span> <span class='ocrx_word' id='word_1_351' title='bbox 2620 3844 2904 3935; x_wconf 78' lang='grc' dir='ltr'>Ἀχιλλέα</span> <span class='ocrx_word' id='word_1_352' title='bbox 2938 3837 3180 3924; x_wconf 71' lang='grc' dir='ltr'>ἀξιώσο-</span> 
     </span>
     <span class='ocr_line' id='line_1_33' title="bbox 598 3946 3179 4050; baseline -0 -26"><span class='ocrx_word' id='word_1_353' title='bbox 598 3977 705 4049; x_wconf 73' lang='grc' dir='ltr'>μεν</span> <span class='ocrx_word' id='word_1_354' title='bbox 738 3952 869 4026; x_wconf 71' lang='lat'><strong>066²</strong></span> <span class='ocrx_word' id='word_1_355' title='bbox 898 3946 1333 4047; x_wconf 66' lang='grc' dir='ltr'>ὄμολογήσιμεν</span> <span class='ocrx_word' id='word_1_356' title='bbox 1365 3980 1527 4022; x_wconf 87' lang='grc' dir='ltr'>ουτω</span> <span class='ocrx_word' id='word_1_357' title='bbox 1560 3955 2015 4045; x_wconf 80' lang='grc' dir='ltr'>φιλοχρήματον</span> <span class='ocrx_word' id='word_1_358' title='bbox 2045 3953 2195 4022; x_wconf 81' lang='grc' dir='ltr'>εἶναι</span> <span class='ocrx_word' id='word_1_359' title='bbox 2229 3948 2393 4020; x_wconf 84' lang='grc' dir='ltr'>ω’στε</span> <span class='ocrx_word' id='word_1_360' title='bbox 2425 3950 2592 4041; x_wconf 75' lang='grc' dir='ltr'>παρὰ</span> <span class='ocrx_word' id='word_1_361' title='bbox 2620 3962 2728 4020; x_wconf 78' lang='grc' dir='ltr'><strong>τοῦ</strong></span> <span class='ocrx_word' id='word_1_362' title='bbox 2755 3949 3179 4050; x_wconf 75' lang='grc' dir='ltr'>Ἀγαμέμνονος</span> 
     </span>
     <span class='ocr_line' id='line_1_34' title="bbox 604 4042 3177 4149; baseline -0.004 -20"><span class='ocrx_word' id='word_1_363' title='bbox 604 4067 779 4149; x_wconf 85' lang='grc' dir='ltr'>δωρα</span> <span class='ocrx_word' id='word_1_364' title='bbox 821 4064 1026 4146; x_wconf 85' lang='grc' dir='ltr'>λαβεῖν</span> <span class='ocrx_word' id='word_1_365' title='bbox 1073 4084 1177 4127; x_wconf 85' lang='grc' dir='ltr'><strong>και</strong></span> <span class='ocrx_word' id='word_1_366' title='bbox 1218 4054 1385 4146; x_wconf 80' lang='grc' dir='ltr'>τιμὴν</span> <span class='ocrx_word' id='word_1_367' title='bbox 1433 4083 1509 4124; x_wconf 88' lang='grc' dir='ltr'><strong>αυ</strong></span> <span class='ocrx_word' id='word_1_368' title='bbox 1557 4052 1820 4143; x_wconf 86' lang='grc' dir='ltr'>λαβόντα</span> <span class='ocrx_word' id='word_1_369' title='bbox 1863 4083 2077 4145; x_wconf 85' lang='grc' dir='ltr'>νεκρου</span> <span class='ocrx_word' id='word_1_370' title='bbox 2126 4053 2427 4139; x_wconf 85' lang='grc' dir='ltr'>οἷπολυειν,</span> <span class='ocrx_word' id='word_1_371' title='bbox 2476 4053 2684 4132; x_wconf 80' lang='grc' dir='ltr'>ἄλλως</span> <span class='ocrx_word' id='word_1_372' title='bbox 2728 4058 2796 4124; x_wconf 85' lang='grc' dir='ltr'><strong>δε</strong></span> <span class='ocrx_word' id='word_1_373' title='bbox 2829 4053 2913 4145; x_wconf 74' lang='grc' dir='ltr'><strong>μὴ</strong></span> <span class='ocrx_word' id='word_1_374' title='bbox 2945 4042 3177 4123; x_wconf 63' lang='grc' dir='ltr'>ἐθέλειν.</span> 
     </span>
     <span class='ocr_line' id='line_1_35' title="bbox 605 4150 3173 4252; baseline -0.005 -16"><span class='ocrx_word' id='word_1_375' title='bbox 605 4174 788 4250; x_wconf 87' lang='lat' dir='ltr'><strong>Gorg.</strong></span> <span class='ocrx_word' id='word_1_376' title='bbox 841 4174 962 4233; x_wconf 81' lang='grc'><strong>525</strong></span> <span class='ocrx_word' id='word_1_377' title='bbox 1009 4173 1078 4235; x_wconf 91' lang='grc' dir='ltr'><strong>Β.</strong></span> <span class='ocrx_word' id='word_1_378' title='bbox 1127 4189 1295 4251; x_wconf 86' lang='grc' dir='ltr'>ομως</span> <span class='ocrx_word' id='word_1_379' title='bbox 1340 4165 1407 4230; x_wconf 85' lang='grc' dir='ltr'><strong>δὲ</strong></span> <span class='ocrx_word' id='word_1_380' title='bbox 1454 4159 1525 4230; x_wconf 76' lang='grc' dir='ltr'><strong>δι’</strong></span> <span class='ocrx_word' id='word_1_381' title='bbox 1569 4159 1920 4252; x_wconf 67' lang='grc' dir='ltr'>ἀλγηδόνων</span> <span class='ocrx_word' id='word_1_382' title='bbox 1965 4164 2067 4231; x_wconf 81' lang='grc' dir='ltr'><strong>καὶ</strong></span> <span class='ocrx_word' id='word_1_383' title='bbox 2110 4158 2342 4232; x_wconf 74' lang='grc' dir='ltr'>ὀδυνῶν</span> <span class='ocrx_word' id='word_1_384' title='bbox 2387 4163 2644 4248; x_wconf 78' lang='grc' dir='ltr'>γίγνεται</span> <span class='ocrx_word' id='word_1_385' title='bbox 2687 4155 2892 4237; x_wconf 72' lang='grc' dir='ltr'>αὸτοῖς</span> <span class='ocrx_word' id='word_1_386' title='bbox 2932 4150 2974 4247; x_wconf 75' lang='grc' dir='ltr'><em>ἦ</em></span> <span class='ocrx_word' id='word_1_387' title='bbox 3017 4153 3173 4243; x_wconf 82' lang='grc' dir='ltr'><strong>ωφὲ-</strong></span> 
     </span>
     <span class='ocr_line' id='line_1_36' title="bbox 603 4254 3174 4361; baseline -0.005 -22"><span class='ocrx_word' id='word_1_388' title='bbox 603 4277 737 4339; x_wconf 86' lang='grc' dir='ltr'>λεια</span> <span class='ocrx_word' id='word_1_389' title='bbox 763 4268 869 4338; x_wconf 82' lang='grc' dir='ltr'><strong>καὶ</strong></span> <span class='ocrx_word' id='word_1_390' title='bbox 911 4258 1130 4339; x_wconf 74' lang='grc' dir='ltr'>ἐνθάδε</span> <span class='ocrx_word' id='word_1_391' title='bbox 1170 4268 1276 4336; x_wconf 82' lang='grc' dir='ltr'><strong>καὶ</strong></span> <span class='ocrx_word' id='word_1_392' title='bbox 1321 4269 1381 4335; x_wconf 78' lang='grc' dir='ltr'>ἐν</span> <span class='ocrx_word' id='word_1_393' title='bbox 1413 4260 1675 4335; x_wconf 85' lang='grc' dir='ltr'><strong>Αιδόυ·</strong></span> <span class='ocrx_word' id='word_1_394' title='bbox 1706 4292 1778 4334; x_wconf 88' lang='grc' dir='ltr'><strong>ου</strong></span> <span class='ocrx_word' id='word_1_395' title='bbox 1809 4265 1925 4354; x_wconf 84' lang='grc' dir='ltr'><strong>γαρ</strong></span> <span class='ocrx_word' id='word_1_396' title='bbox 1966 4259 2089 4336; x_wconf 80' lang='grc' dir='ltr'>οἷόν</span> <span class='ocrx_word' id='word_1_397' title='bbox 2135 4293 2200 4335; x_wconf 87' lang='grc' dir='ltr'><strong>τε</strong></span> <span class='ocrx_word' id='word_1_398' title='bbox 2246 4263 2454 4344; x_wconf 78' lang='grc' dir='ltr'>ἄλλως</span> <span class='ocrx_word' id='word_1_399' title='bbox 2494 4261 2729 4342; x_wconf 75' lang='grc' dir='ltr'>ἀδικίας</span> <span class='ocrx_word' id='word_1_400' title='bbox 2774 4254 3174 4361; x_wconf 77' lang='grc' dir='ltr'>ἀπαλλαττεσ-</span> 
     </span>
     <span class='ocr_line' id='line_1_37' title="bbox 603 4380 1473 4459; baseline -0.004 -17"><span class='ocrx_word' id='word_1_401' title='bbox 603 4380 727 4444; x_wconf 85' lang='grc' dir='ltr'>θαι.</span> <span class='ocrx_word' id='word_1_402' title='bbox 839 4382 1072 4444; x_wconf 85' lang='lat' dir='ltr'><strong>Charm</strong></span> <span class='ocrx_word' id='word_1_403' title='bbox 1120 4400 1178 4459; x_wconf 89' lang='lat' dir='ltr'><strong>p.</strong></span> <span class='ocrx_word' id='word_1_404' title='bbox 1230 4381 1350 4441; x_wconf 89' lang='grc'><strong>168</strong></span> <span class='ocrx_word' id='word_1_405' title='bbox 1400 4382 1473 4443; x_wconf 91' lang='lat' dir='ltr'><strong>D.</strong></span> 
     </span>
    </p>

    <p class='ocr_par' dir='ltr' id='par_1_5' title="bbox 778 4456 3172 4565">
     <span class='ocr_line' id='line_1_38' title="bbox 778 4456 3172 4565; baseline -0.005 -19"><span class='ocrx_word' id='word_1_406' title='bbox 778 4504 836 4564; x_wconf 92' lang='lat' dir='ltr'><strong>p.</strong></span> <span class='ocrx_word' id='word_1_407' title='bbox 876 4488 1004 4546; x_wconf 89' lang='grc'><strong>281</strong></span> <span class='ocrx_word' id='word_1_408' title='bbox 1057 4485 1121 4546; x_wconf 85' lang='lat' dir='ltr'><strong>O.</strong></span> <span class='ocrx_word' id='word_1_409' title='bbox 1182 4473 1435 4565; x_wconf 85' lang='grc' dir='ltr'>πότερον</span> <span class='ocrx_word' id='word_1_410' title='bbox 1500 4501 1609 4544; x_wconf 87' lang='grc' dir='ltr'>ουν</span> <span class='ocrx_word' id='word_1_411' title='bbox 1657 4499 1731 4543; x_wconf 91' lang='grc' dir='ltr'><strong>αν</strong></span> <span class='ocrx_word' id='word_1_412' title='bbox 1790 4482 2021 4564; x_wconf 83' lang='grc' dir='ltr'>μᾶλλον</span> <span class='ocrx_word' id='word_1_413' title='bbox 2082 4464 2315 4545; x_wconf 72' lang='grc' dir='ltr'>ἐλάττω</span> <span class='ocrx_word' id='word_1_414' title='bbox 2369 4499 2452 4551; x_wconf 83' lang='grc' dir='ltr'>τις</span> <span class='ocrx_word' id='word_1_415' title='bbox 2494 4468 2746 4563; x_wconf 77' lang='grc' dir='ltr'>πράττοι</span> <span class='ocrx_word' id='word_1_416' title='bbox 2787 4475 2970 4564; x_wconf 78' lang='grc' dir='ltr'>πένης</span> <span class='ocrx_word' id='word_1_417' title='bbox 3011 4496 3093 4538; x_wconf 89' lang='grc' dir='ltr'>ων</span> <span class='ocrx_word' id='word_1_418' title='bbox 3134 4456 3172 4552; x_wconf 75' lang='grc' dir='ltr'><em>ἢ</em></span> 
     </span>
    </p>
   </div>
   <div class='ocr_carea' id='block_1_5' title="bbox 605 4571 3173 4674">
    <p class='ocr_par' dir='ltr' id='par_1_6' title="bbox 605 4571 3173 4674">
     <span class='ocr_line' id='line_1_39' title="bbox 605 4571 3173 4674; baseline -0.007 -19"><span class='ocrx_word' id='word_1_419' title='bbox 605 4577 927 4672; x_wconf 70' lang='grc' dir='ltr'>πλούσιοςς</span> <span class='ocrx_word' id='word_1_420' title='bbox 971 4585 1166 4673; x_wconf 79' lang='grc' dir='ltr'>Πένης</span> <span class='ocrx_word' id='word_1_421' title='bbox 1208 4585 1379 4674; x_wconf 68' lang='grc' dir='ltr'><strong>ἔφη·</strong></span> <span class='ocrx_word' id='word_1_422' title='bbox 1410 4582 1676 4671; x_wconf 84' lang='grc' dir='ltr'>Πότερον</span> <span class='ocrx_word' id='word_1_423' title='bbox 1725 4582 1794 4650; x_wconf 83' lang='grc' dir='ltr'><strong>δὲ</strong></span> <span class='ocrx_word' id='word_1_424' title='bbox 1842 4578 2105 4668; x_wconf 74' lang='grc' dir='ltr'>ἀσθενὴς</span> <span class='ocrx_word' id='word_1_425' title='bbox 2147 4571 2188 4671; x_wconf 80' lang='grc' dir='ltr'><em>ἢ</em></span> <span class='ocrx_word' id='word_1_426' title='bbox 2229 4572 2503 4669; x_wconf 78' lang='grc' dir='ltr'><strong>ἷσχορός;</strong></span> <span class='ocrx_word' id='word_1_427' title='bbox 2545 4572 2885 4668; x_wconf 79' lang='grc' dir='ltr'>Ἀσθενής·</span> <span class='ocrx_word' id='word_1_428' title='bbox 2927 4571 3173 4661; x_wconf 85' lang='grc' dir='ltr'>Πότερον</span> 
     </span>
    </p>
   </div>
  </div>
 </body>
</html>
