3509 5375
14 3527 130 3708 (s.)

466 429 551 490 98

461 617 604 665 ’ωδε
649 608 771 665 tam
815 602 1221 682 frequentatae
1262 610 1421 682 sunt,
1464 611 1533 665 ut
1577 607 1782 666 crusis.
1806 603 2107 665 oblivione
2150 603 2490 666 obrueretur
2534 610 2595 667 et
2637 602 2926 665 articulus
2970 620 3069 667 ac·

464 703 726 767 cederetx
770 705 952 785 Sopb.
1000 707 1124 768 255
1173 707 1237 767 C.
1271 697 1350 768 ,τὰ
1395 692 1654 788 θάτερον
1702 709 1830 770 254
1874 708 1945 768 Ε.
1988 693 2063 769 τό
2101 725 2167 770 τε
2210 694 2428 770 ταῦτὸν
2469 701 2574 770 καὶ
2613 694 2893 789 θάτερον.

640 807 891 872 Formas
925 797 1141 872 ταύτόν
1155 851 1177 884 ,
1221 797 1448 873 ταιῖτοὸ
1489 820 1605 872 etc.
1648 828 1770 872 non
1813 813 2212 873 necessarium
2258 810 2543 872 duximus
2561 828 2746 890 supra
2775 812 3067 892 proferre;

468 918 650 977 notae
708 914 867 973 enim
928 920 1066 974 sunt
1120 928 1342 978 omnes.
1450 913 1570 975 Sed
1626 916 2037 976 necessarium¹
2084 913 2256 975 nobis
2310 913 2552 975 videtur
2611 931 2643 975 e
2689 912 2778 978 01.
2838 915 3068 994 aliquot

468 1012 754 1077 lectiones
812 1016 892 1077 ab
938 1017 1265 1079 Hermanni
1311 1017 1571 1079 editione
1626 1017 2035 1096 discrepantes
2074 1032 2424 1096 proponere.
2512 1017 2771 1080 Formae
2810 1017 3064 1094 solutae,

467 1118 569 1181 ubi
629 1119 789 1198 apud
847 1119 1053 1182 Herm.
1112 1129 1452 1183 contractae
1510 1130 1740 1202 extant,
1810 1124 2186 1201 reperiuntur
2246 1122 2421 1200 Apol.
2473 1125 2549 1184 19
2610 1124 2684 1184 Β.
2750 1115 2828 1184 τὰ
2888 1109 3065 1188 animai.

466 1222 662 1285 Parm.
713 1225 834 1286 146
878 1224 955 1285 D.
1016 1218 1078 1286 ἐν
1121 1224 1231 1287 τῶι
1273 1213 1481 1290 adroic.
1570 1226 1806 1289 Politic.
1852 1227 1970 1285 271
2025 1226 2100 1288 Α.
2155 1215 2233 1286 τὰ
2286 1210 2469 1288 adrui.
2557 1227 2858 1306 Euthyph.
2908 1229 2945 1289 8
2992 1229 3067 1289 Β.

470 1317 547 1390 τοὶ
595 1312 773 1391 adrui.
860 1328 1063 1408 Symp.
1112 1331 1234 1390 221
1283 1330 1356 1391 E.
1412 1321 1491 1393 τοὶ
1538 1317 1714 1394 adrui.
1818 1331 1983 1393 Prot.
2029 1329 2156 1390 340
2203 1327 2270 1393 C.
2314 1330 2520 1408 praeb.
2565 1347 2674 1410 pro
2715 1320 2935 1393 ταδτόν
2981 1332 3067 1394 cl.

468 1420 537 1492 τὸ
585 1419 786 1497 αιῖτόν.
875 1434 992 1495 Hic
1034 1453 1153 1498 non
1199 1437 1530 1514 scripserim
1575 1424 1643 1497 *ro*
1693 1422 1849 1496 αιῖτό
1891 1434 1996 1495 sed
2040 1419 2259 1497 ταότόν
2302 1432 2461 1512 quod
2506 1434 2780 1497 librarius
2824 1436 3067 1513 quidam

471 1535 628 1597 male
688 1537 979 1602 dissolvit.
1083 1540 1165 1600 At
1222 1539 1449 1600 formae
1506 1546 1842 1600 contractae
1907 1540 1967 1597 in
2012 1535 2099 1602 01.
2160 1536 2439 1615 leguntur
2482 1538 2577 1599 his
2621 1537 2803 1599 locis:
2867 1539 3067 1600 Parm.

478 1642 601 1700 146
648 1641 725 1705 A.
772 1634 834 1702 ἐν
878 1642 1105 1705 ταυτῶι
1147 1642 1296 1705 ibid.
1320 1644 1441 1705 147
1466 1642 1545 1703 D.
1588 1632 1775 1704 ταυτὸ
1822 1628 2072 1726 (ὄνομα)
2113 1627 2302 1703 ταυτό
2342 1635 2522 1725 (καί).
2611 1642 2827 1703 Politic
2849 1644 3069 1705 299Α.

470 1760 683 1805 ταυτα.

650 1847 845 1909 Crasis
904 1847 1062 1910 iilius
1122 1867 1274 1928 quae
1332 1849 1461 1911 solo
1520 1850 1730 1929 spiritu
1776 1848 2069 1913 indicatur
2113 1838 2330 1930 (ἁνήρ,
2390 1836 2762 1929 ἅνθρωπος),
2814 1848 2867 1907 si
2910 1854 3062 1907 recte

477 1949 953 2026 observaverim,
1017 1953 1163 2014 nibil
1224 1956 1457 2030 vestigii
1518 1955 1577 2013 in
1641 1952 1958 2015 Clarkiano
2018 1961 2307 2031 superest.
2407 1951 2526 2014 Sed
2582 1961 2649 2012 ut
2693 1954 2753 2011 in
2798 1952 3062 2011 oratione

477 2056 680 2115 vincta
724 2064 973 2117 metrum
1019 2053 1133 2139 (cs.
1176 2058 1361 2120 Cobet
1381 2058 1454 2118 N.
1479 2057 1548 2119 1..
1592 2076 1652 2135 p.
1678 2053 1856 2139 324),
1901 2059 1987 2118 ita
2030 2058 2090 2117 in
2137 2060 2403 2118 oratione
2448 2055 2647 2116 soluta
2693 2071 2868 2116 casus
2912 2053 3061 2115 obli-

474 2160 576 2235 qui
621 2157 991 2221 librariorum
1036 2162 1325 2225 incuriam
1369 2161 1751 2238 redarguunt.
1855 2161 2010 2221 Nam
2067 2163 2118 2220 si
2178 2162 2431 2237 scriptor
2484 2159 2597 2221 τοδ
2658 2146 2921 2237 ἀνδρός,
2981 2157 3074 2245 τῷ

473 2250 693 2343 α’νδρί,
743 2253 851 2325 τόν
896 2251 1093 2345 ἄνδρα
1137 2265 1308 2344 dicit,
1370 2264 1446 2325 de
1490 2263 1697 2326 eodem
1742 2263 1985 2326 homine
2028 2282 2146 2324 non
2191 2270 2385 2343 potest
2428 2260 2709 2324 adhibere
2753 2263 3069 2321 nominati-

476 2383 618 2426 vum
664 2354 839 2449 οἷνήρ.
951 2366 1162 2446 Itaque
1206 2369 1266 2427 in
1312 2367 1531 2428 talibus
1577 2367 1969 2429 substantivis
2030 2369 2301 2446 spiritum
2357 2365 2749 2443 mutabimus,
2829 2363 3073 2423 ubicun-

467 2486 591 2546 que
649 2488 857 2532 sensus
917 2471 1013 2530 vel
1056 2460 1445 2551 grammatica
1487 2471 1906 2551 postulaverit3
1955 2460 2035 2535 cf.
2094 2487 2249 2548 quae
2301 2470 2417 2530 hoc
2473 2467 2545 2530 de
2589 2484 2702 2528 usu
2748 2466 3072 2544 disputavit

476 2571 687 2635 Stallb.
734 2575 793 2632 in
840 2573 983 2635 Exc.
1030 2572 1105 2633 ad
1150 2574 1407 2637 Phaedr.
1453 2594 1511 2653 p.
1557 2577 1683 2635 267
1730 2577 1805 2635 Α.
1895 2571 2261 2651 Engelhardt
2305 2572 2379 2632 ad
2425 2571 2643 2632 Menex
2686 2588 2745 2648 p.
2772 2570 2918 2629 281.
2964 2567 3071 2629 Kr.

480 2675 584 2756 50,
630 2678 688 2756 3,
738 2678 795 2741 6.
885 2675 1098 2740 Stallb.
1142 2679 1220 2741 ad
1265 2679 1493 2745 Phaed.
1538 2699 1597 2760 p.
1632 2680 1713 2742 58
1746 2680 1817 2742 E.
1902 2679 2125 2740 Iniuria
2170 2677 2546 2738 Hermannus
2591 2672 2837 2736 Phaedo
2885 2674 2965 2734 58
2997 2674 3068 2738 E.

476 2782 631 2842 crasi
677 2781 908 2843 abiecta
966 2785 1199 2863 scripsit
1257 2773 1567 2866 εόδαίμων
1625 2770 1743 2864 γάρ
1807 2800 1910 2863 μοι
1953 2771 2105 2863 α’νήρ
2153 2773 2468 2861 ἐφαίνετο,
2534 2778 2633 2839 ubi
2682 2762 2832 2858 ἁνήρ
2878 2778 3070 2839 solum

477 2902 683 2945 verum
731 2894 851 2963 est3
912 2906 1052 2948 nam
1098 2887 1170 2949 de
1214 2887 1455 2950 homine
1500 2895 1677 2968 certo,
1726 2886 1800 2947 de
1844 2885 2091 2947 Socrate
2135 2899 2327 2945 senno
2373 2892 2484 2962 est,
2529 2884 2628 2962 qui
2675 2882 2924 2943 articulo
2970 2882 3070 2943 de-

478 2987 644 3049 finito
691 2988 1089 3068 designandus
1138 2999 1266 3071 est3
1336 2994 1409 3055 cs.
1455 2993 1536 3052 58
1586 2993 1649 3055 C
1694 2985 1850 3058 τίνες
1910 2984 1968 3051 οἱ
2010 3006 2246 3070 παραγε
2218 2971 2486 3105 ῗνᾶμενοι
2540 2986 2660 3047 τῶν
2722 2980 3071 3068 ἐπιτηδείων

475 3087 567 3177 τῷ
610 3079 785 3173 ἀνδρί
846 3095 926 3154 57
975 3096 1048 3156 Α.
1091 3089 1151 3155 τί
1196 3085 1271 3176 δὴ
1317 3113 1425 3157 ουν
1474 3082 1550 3173 δή
1597 3088 1749 3154 ἐστιν
1798 3081 1950 3153 ἅττα
1995 3083 2158 3151 εἶπεν
2206 3075 2245 3151 0‘
2291 3078 2441 3169 ἀνὴρ
2487 3079 2605 3169 πρὸ
2651 3089 2762 3150 τοῦ
2803 3074 3072 3150 θανάτου

476 3188 748 3276 [Theaet.
802 3199 921 3258 168
970 3199 1033 3261 C
1079 3187 1235 3261 πάνυ
1282 3191 1394 3278 γὰρ
1440 3196 1728 3266 νεανικῶς
1769 3195 1860 3285 τῷ
1902 3181 2076 3275 ἆνόρὶ
2120 3184 2524 3278 βεβοήθηκας.
2615 3193 2778 3256 Prot.
2830 3194 2953 3252 311
3002 3192 3074 3254 Ε.

476 3290 766 3380 σοφιστὴν
812 3288 889 3382 δή
930 3317 1021 3362 τοι
1064 3288 1434 3381 ὄνομάζουσί
1474 3318 1543 3381 γε
1586 3293 1683 3361 τόν
1732 3289 1930 3378 ἄνδρα
1975 3292 2124 3359 εἶναι
2191 3299 2289 3358 ubi
2352 3302 2532 3358 otiam
2594 3295 2667 3356 de
2713 3297 2852 3355 viris
2898 3296 3074 3354 certis

478 3417 673 3464 sermo
719 3407 1019 3465 institutus
1080 3400 1223 3486 est].
1333 3404 1537 3465 Herm.
1597 3423 1713 3466 non
1778 3404 1980 3464 debuit
2023 3402 2247 3468 Phaed.
2295 3403 2375 3463 98
2424 3400 2787 3465 B.·afferre:
2845 3387 3074 3478 προϊών

478 3501 585 3568 καὶ
647 3493 1105 3589 ἀναγιγνώσκων
1163 3502 1295 3589 ὁρῶ
1343 3497 1539 3588 ἄνδρα
1597 3510 1687 3597 τῷ
1730 3503 1838 3588 μὲν
1882 3508 1976 3592 νῷ
2021 3497 2195 3570 οόδὲν
2240 3495 2577 3587 χρώμενον.
2666 3502 2821 3562 Nam
2868 3518 3074 3577 quam-

481 3629 657 3689 quam
695 3612 971 3674 Socrates
1016 3613 1111 3675 hic
1157 3614 1576 3689 Anaxagoram
1625 3616 1831 3690 tangit,
1878 3621 2074 3672 tamen
2121 3613 2406 3671 rationem
2451 3605 2751 3668 indefinite
2794 3600 3074 3679 loquendi

479 3715 687 3794 elegit,
776 3733 962 3797 aeque
1044 3737 1116 3779 ac
1195 3735 1304 3779 nos
1381 3718 1664 3794 dicimus,
1752 3716 1845 3777 ich
1920 3714 2062 3775 sehe
2137 3715 2305 3774 einen
2364 3711 2584 3782 Manu,
2675 3710 2725 3768 si
2800 3705 3074 3802 nolumus

477 3820 775 3882 hominem
836 3826 1158 3885 nominare.
1259 3823 1392 3883 Non
1448 3836 1579 3881 raro
1639 3819 1871 3881 Jabnus
1932 3818 2175 3878 aliorum
2232 3814 2565 3898 exemplum
2626 3818 2862 3873 secutus
2922 3809 3077 3870 hanc

479 3927 671 3988 crasin
732 3930 790 3985 in
851 3928 1011 4005 Sym
1038 3931 1204 3988 osion
1265 3926 1526 4002 induxit;
1590 3944 1652 4004 p.
1702 3924 1824 3983 189
1874 3920 1939 3984 C.
1992 3922 2228 3997 scripsit
2288 3910 2422 3998 ἐμοὶ
2480 3912 2758 3978 δοκοῦσιν
2821 3903 3075 3993 ἅνθρω-

477 4050 583 4093 ποι
637 4018 978 4095 παντάπασι
1027 4023 1135 4113 τὴν
1191 4030 1303 4091 τοῦ
1352 4025 1582 4108 ἔρωτος
1626 4013 1869 4105 δύναμιν
1916 4013 2033 4085 ou'x
2074 4012 2449 4120 η’σθῆσθαι.
2497 4019 2897 4080 Grammatica
2943 4035 3075 4078 cum

478 4156 588 4200 nos
648 4155 1021 4217 nequaquam
1080 4143 1289 4211 cogat,
1360 4124 1674 4213 ἅνθρωποι
1730 4129 1984 4190 scribere
2043 4122 2143 4209 (cf.
2182 4126 2283 4186 Kr.
2325 4126 2445 4204 50,
2490 4126 2562 4202 3,
2612 4120 2707 4205 6),
2771 4122 3077 4183 Bekkerus

480 4232 808 4324 ανθρωποι
874 4239 1031 4319 quod
1107 4241 1310 4318 optimi
1384 4236 1516 4296 libri
1593 4234 1912 4312 praebent,
1979 4232 2131 4298 hanc
2203 4230 2278 4289 ob
2340 4246 2578 4289 causam
2643 4229 2702 4286 in
2763 4215 3078 4303 ἅνθρωποι
3132 4251 3137 4256 ·

479 4356 745 4409 mutasse
803 4344 1101 4424 putandus
1162 4351 1281 4420 est,
1367 4339 1521 4420 quod
1582 4336 1713 4398 libri
1777 4337 2075 4397 deterioris
2138 4333 2396 4395 familiae
2470 4326 2525 4392 οἱ
2585 4319 2898 4410 ανθρωποι
2954 4325 3074 4385 ha-

473 4453 637 4516 bent.
727 4450 1113 4512 Occasionem
1160 4464 1291 4508 eam
1336 4446 1561 4522 legem,
1629 4458 1781 4520 quae
1825 4449 2023 4502 tamen
2068 4457 2145 4499 an
2189 4456 2334 4500 vera
2379 4438 2453 4497 sit
2500 4435 2737 4510 dubito,
2796 4427 3074 4507 sequendi

479 4556 654 4617 nobis
735 4553 983 4632 praebet
1072 4549 1290 4628 Cratyl.
1349 4550 1471 4608 403
1534 4546 1606 4609 B.
1694 4542 1985 4626 πολλαχῆ
2059 4538 2262 4622 ἔμοιγε
2344 4538 2621 4602 δοκοῦσιν
2698 4528 2754 4596 οἱ
2821 4523 3076 4610 ἄνθρω-
