3509 5375
605 424 726 483 136

598 596 811 658 modo:
862 597 984 656 116
1031 596 1101 655 Β.
1149 595 1288 656 dicit
1332 578 1371 654 ὅ
1414 595 1537 655 τῶν
1582 588 1803 656 ἕνδεκα
1846 577 2147 676 ὄπηρέτης
2190 595 2451 657 Socrati:
2498 582 2559 657 (ὅ
2600 586 2941 678 Σώκρατες
2985 586 3063 658 oti
3107 616 3202 659 κα-

596 690 988 783 ταγνώσομαί
1044 717 1157 759 σου
1210 687 1366 780 ὅπερ
1417 690 1624 761 ἄλλων
1684 687 2185 781 καταγιγνώσκως
2251 709 2389 762 ente
2435 690 2641 765 ἄλλων
2697 702 3207 781 interpolaverunt

603 806 737 866 libri
782 805 1010 882 aliquot
1052 803 1194 865 τῶν.
1268 803 1349 863 At
1380 802 1756 877 Hermannus
1801 812 1959 866 recte
1989 812 2197 867 contra
2241 804 2413 867 dixitz
2467 806 2623 885 ,τοῖν
2666 810 2742 868 iis
2793 807 3069 885 debetur,
3113 810 3205 884 qui

604 909 866 981 Socratis
908 908 1115 969 laudes
1159 924 1294 969 cum
1341 925 1635 985 quoquam
1680 909 1799 969 alio
1847 911 2264 970 communicari
2309 909 2584 974 nollent.“
2656 911 2782 972 Cur
2827 911 3205 973 Her-mannus

600 1014 758 1091 quod
801 1013 898 1073 hic
940 1014 1097 1089 fecit,
1144 1011 1288 1074 alibi
1333 1012 1638 1090 neglexit?
1685 1045 1765 1056 -
1818 1014 1939 1074 108
1969 1013 2049 1083 D.
2091 1004 2227 1094 περὶ
2269 999 2386 1095 γάρ
2432 1031 2526 1076 τοι
2564 1014 2672 1096 τῆς
2713 1014 2832 1096 γῆς
2879 1008 2992 1077 καὶ
3036 1004 3208 1086 αότός

597 1108 797 1180 πολλοὶ
842 1107 918 1198 δὴ
966 1103 1229 1197 α’κήκοα.
1319 1118 1402 1178 Μ.
1448 1137 1504 1180 a.
1549 1120 1611 1177 in
1642 1118 1730 1180 01.
1774 1117 1883 1199 τῆς
1927 1121 2175 1196 margini
2220 1117 2547 1197 adscripsit.
2595 1138 2711 1181 om.
2746 1119 2911 1183 Tub.
2957 1120 3206 1183 Servant

600 1229 710 1284 art.
758 1223 830 1286 Β.
877 1221 1016 1281 Tur.
1061 1221 1151 1282 St.
1196 1221 1302 1284 Hr.
1392 1221 1626 1283 Vellem
1672 1225 2034 1298 cogitassent
2080 1222 2151 1283 de
2195 1223 2391 1284 verbis
2436 1223 2936 1285 antecedentibus
2983 1217 3099 1286 εἰσὶ
3140 1221 3205 1287 δὲ

597 1317 813 1388 πολλοὶ
832 1321 933 1388 καὶ
953 1319 1295 1405 θαυμαστοὶ
1313 1324 1420 1406 τῆς
1443 1326 1552 1406 γῆς
1577 1317 1753 1401 τόποι
1782 1319 1889 1387 καὶ
1918 1315 2070 1408 αότή
2105 1316 2248 1388 οὔτε
2279 1319 2379 1389 οἵα
2410 1316 2553 1388 οὔτε
2578 1316 2695 1408 ὅση
2726 1317 3060 1402 δοξάζεται
3090 1314 3199 1390 dato*

600 1432 721 1492 τῶν
764 1424 903 1510 περὶ
946 1430 1054 1511 γῆς
1084 1416 1393 1493 εἰωθότων
1421 1425 1634 1511 λέγειν.
1710 1431 1883 1492 Plato
1915 1432 2089 1492 modo
2131 1431 2207 1512 γῆ
2248 1433 2422 1494 modo
2468 1417 2509 1513 ἦ
2555 1432 2635 1513 γῆ
2678 1433 2827 1494 dicit
2872 1434 2952 1495 cf.
2989 1436 3106 1494 111
3133 1435 3204 1494 D.

602 1527 716 1596 6πό
761 1537 869 1616 γῆν
914 1543 975 1595 et
1017 1554 1157 1597 mox
1201 1517 1319 1596 ὄπὸ
1363 1524 1470 1614 τὴν
1514 1534 1642 1615 γῆν.
1684 1534 1794 1599 Kr.
1826 1537 1929 1613 50,
1977 1539 2037 1613 3,
2086 1539 2186 1599 15.
2221 1570 2298 1581 -
2355 1539 2476 1597 110
2505 1538 2577 1600 Ε.
2624 1524 2672 1598 δι’
2712 1530 2824 1598 καὶ
2866 1531 3069 1608 λίθοις
3107 1532 3206 1600 καὶ

599 1640 683 1721 γῇ
740 1632 845 1701 καὶ
902 1640 1028 1708 τοῖς
1083 1626 1294 1708 ἄλλοις
1350 1626 1526 1712 ζώοις
1577 1655 1645 1699 τε
1698 1632 1803 1700 καὶ
1855 1640 2064 1718 φυτοῖς
2122 1634 2310 1722 αἴσχη
2369 1657 2437 1703 τε
2493 1635 2595 1702 καὶ
2645 1630 2876 1712 νόσους
2936 1634 3201 1722 παρέχει.

600 1745 853 1805 Duabus
882 1744 1429 1822 interpolationibus
1461 1743 1657 1805 locum
1685 1747 2175 1822 inquinaverunt3
2219 1763 2359 1805 nam
2388 1744 2467 1806 ad
2493 1738 2691 1816 λίθοις
2718 1747 2784 1807 in
2818 1764 2944 1824 mg.
2980 1744 3069 1809 01.
3100 1743 3220 1805 εᾱ-,

597 1853 880 1927 scriptum
925 1845 1030 1929 (m.
1079 1843 1162 1930 a.)
1204 1849 1361 1927 τοῖς;
1405 1866 1585 1927 supra
1628 1848 1712 1930 γῇ
1754 1856 1847 1910 est
1885 1855 1994 1910 att.
2036 1849 2135 1929 τῇ.
2207 1849 2429 1912 Neuter
2457 1848 2739 1912 articulus
2785 1852 3199 1927 necessarius3

596 1971 788 2032 neque
831 1953 903 2017 Β.
950 1953 1023 2015 Τ.
1066 1954 1173 2015 Hr.
1218 1951 1307 2013 St.
1349 1952 1731 2013 admiserunt.

779 2109 1166 2187 Temporibus
1209 2107 1416 2171 offensi
1459 2115 1598 2169 sunt
1638 2108 1863 2170 librarii
1906 2105 1999 2168 his
2042 2107 2222 2170 locis:
2255 2094 2369 2171 ‘60
2415 2112 2490 2172 A.
2536 2097 2822 2181 εἰσιόντες
2867 2095 2980 2172 οὖν
3026 2128 3197 2173 κατε-

597 2205 985 2296 λαμβάνομεν
1028 2203 1131 2273 τόν
1176 2208 1282 2294 μὲν
1311 2199 1628 2294 Σωκράτη.
1697 2212 1849 2272 Tub.
1895 2204 2288 2283 εἰσελθόντες.
2366 2213 2529 2275 Idem
2575 2211 2662 2278 01.
2705 2221 3003 2276 renovato
3050 2213 3188 2276 loco.

599 2321 791 2381 Etiam
834 2315 891 2379 Π
934 2318 1119 2378 habet
1162 2318 1316 2379 hanc
1373 2318 1644 2378 formam.
1689 2317 2120 2395 Restituemus3
2188 2337 2325 2379 nam
2373 2337 2508 2380 vere
2553 2319 2821 2382 Graecus
2884 2338 3027 2379 usus
3088 2324 3190 2380 est.

595 2422 845 2483 Phaedr.
909 2424 1032 2482 228
1081 2422 1152 2481 Β.
1217 2410 1364 2482 ἰδών
1431 2411 1616 2502 ἥσθη.
1729 2421 1868 2500 Lys.
1937 2424 2061 2483 206
2110 2422 2179 2482 Ε.
2240 2407 2613 2497 εἰσελθόντες
2673 2418 2741 2484 δὲ
2787 2409 3195 2503 κατελάβομεν

599 2515 817 2588 αότόθι
873 2517 1209 2594 τεθυκότας
1266 2542 1411 2592 τους
1468 2522 1709 2593 παῖδας.
1762 2558 1838 2569 -
1908 2528 1987 2586 60
2032 2526 2110 2590 D.
2160 2544 2305 2588 οταν
2351 2546 2427 2607 με
2474 2514 2652 2598 αυθις
2694 2522 2923 2621 ἑρωτᾶ.
3016 2527 3101 2587 01.
3143 2528 3194 2583 in

598 2649 718 2708 mg.
764 2625 977 2712 ἔρηται
1019 2627 1176 2707 quod
1223 2628 1293 2689 B.
1340 2626 1481 2692 Tur.
1526 2626 1614 2688 St.
1659 2646 1775 2690 rec.
1867 2628 1972 2690 Hr.
2019 2647 2152 2692 cum
2199 2633 2352 2694 Tub.
2414 2625 2635 2724 ἐρωτᾷ.
2734 2633 3071 2695 Libras-ium
3115 2630 3191 2689 of-

601 2736 787 2797 fendit
831 2730 1036 2828 ἐρωτᾷ
1075 2741 1316 2855 propter
1359 2734 1675 2810 insequens
1720 2723 2020 2817 ἐρήσεται.
2067 2769 2149 2780 -
2209 2739 2290 2797 70
2335 2737 2408 2796 Α.
2455 2725 2733 2799 απιστίαν
2778 2732 3044 2819 παρέχει
3082 2736 3193 2802 τοῖς

599 2830 970 2923 ἀνθρώποις,
1013 2858 1096 2921 μτ
1142 2823 1210 2919 (η
1252 2825 1455 2919 ψυχή)
1502 2831 1699 2921 ἐκείνῃ
1730 2838 1828 2922 τῆ
1865 2831 2068 2932 ημέρα
2110 2834 2531 2922 διαφθείρηται
2571 2859 2638 2902 τε
2680 2835 2787 2905 καὶ
2832 2826 3194 2921 απολλόηται

595 3035 634 3097 ῃ
691 3030 765 3075 αν
812 2997 848 3073 ὅ
893 3002 1221 3093 ανθρωπος
1264 2999 1548 3094 αποθάνῃ
1595 3012 1682 3075 01.
1727 2939 2201 3095 ἅποθνήισκέί.
2183 3016 2243 3074 in
2289 3032 2408 3092 mg.
2455 3001 2789 3097 αποθάνηις
2838 3017 2998 3080 Tub.
3041 3002 3182 3075 εἰπο-

601 3105 906 3270 θνήᾏκθτΐη
947 3187 1149 3248 Praes.
1193 3192 1252 3247 et
1286 3185 1424 3248 Aor.
1470 3193 1724 3263 possunt
1767 3185 1862 3246 hic
1906 3185 2207 3264 adhiberi3
2252 3205 2436 3266 quare
2483 3189 2755 3251 dabimus
2803 3189 2969 3269 quod
3013 3189 3174 3267 prims

596 3311 809 3353 manus
853 3295 912 3353 in
946 3298 1196 3369 utroque
1226 3291 1427 3353 codice
1458 3291 1630 3352 nobis
1659 3291 1925 3370 praebet.
1976 3325 2055 3335 —-
2106 3296 2190 3355 74
2221 3294 2291 3356 Ε.
2331 3280 2664 3372 α’ναγκαῖόν
2707 3312 2828 3356 που
2874 3287 2981 3355 τὸν
3025 3289 3167 3358 τουτο

601 3393 919 3472 ἐννοοῦντα
963 3396 1163 3474 τυχεῖν
1206 3382 1568 3476 προειδόταίξ.
1654 3396 1841 3456 Nemo
1902 3398 2122 3474 recepit
2166 3397 2325 3474 quod
2369 3415 2487 3476 mg.
2533 3399 2620 3460 01.
2663 3400 3011 3477 suppeditet
3050 3408 3154 3469 τυγ-

592 3488 792 3581 χάνειν
840 3502 912 3564 cf.
961 3501 1039 3562 75
1089 3502 1160 3561 B.
1203 3503 1403 3579 τυχεῖν
1446 3495 1573 3562 ἔδει
1616 3487 1963 3582 εἰληφότας.
2014 3534 2096 3544 -
2144 3503 2229 3561 84
2272 3500 2339 3562 0.
2382 3497 2465 3580 τί,
2524 3496 2683 3585 ἔφη,
2740 3487 2876 3583 ὅμῖν
2922 3493 3004 3564 τοὶ
3046 3499 3158 3575 λεχ-

594 3601 779 3668 θέντα
824 3603 957 3687 μιιΐν
1003 3593 1085 3686 μὴ
1148 3601 1318 3666 δοκεῖ
1375 3598 1598 3671 ἐνδεῶς
1653 3599 1973 3685 λέγεσθαι;
2041 3605 2128 3668 01.
2189 3608 2248 3665 in
2294 3624 2412 3682 mg.
2458 3600 2747 3686 λελέχθαι
2789 3607 2953 3686 quod
3000 3607 3162 3676 recep·

593 3712 663 3770 Β.
697 3712 836 3771 Tur.
869 3710 954 3774 St.
991 3711 1074 3769 At
1103 3709 1254 3771 Tub.
1289 3702 1595 3790 λέγεσθαι.
1651 3706 2042 3787 Interpolator
2073 3709 2371 3770 nesciebat
2399 3703 2683 3788 λέγεσθαι
2726 3710 2821 3772 bie
2867 3703 3168 3787 imperfecti

595 3814 949 3875 infinitivum
997 3832 1126 3875 esse
1172 3815 1245 3877 cf.
1286 3814 1393 3877 Kr.
1429 3816 1530 3890 53,
1579 3816 1636 3890 2,
1686 3815 1743 3874 9.
1789 3849 1875 3860 --
1922 3816 2002 3874 87
2037 3814 2111 3874 A.
2156 3831 2243 3886 ως
2284 3810 2355 3875 δὲ
2396 3808 2506 3876 καὶ
2550 3803 2979 3877 ἀποθανόντων
3021 3795 3170 3891 ἡμων

593 3914 678 3982 ἔτι
735 3935 854 3978 που
914 3914 1116 3993 ἔσται,
1180 3936 1251 3979 ου
1316 3935 1416 3998 μοι
1459 3915 1629 3981 δοκεῖ
1671 3916 1842 3997 τῇδε.
1930 3919 2143 3980 Nescio
2190 3922 2324 3995 quis
2369 3915 2481 3998 (m.
2527 3917 2596 3998 a)
2639 3921 2699 3978 in
2745 3937 2864 3996 mg.
2912 3917 3171 3992 scriptum

592 4023 721 4084 vult
780 4016 954 4095 ἐστιν,
999 4026 1263 4100 cogitans
1310 4031 1373 4082 ut
1418 4024 1648 4083 videtur
1694 4024 1767 4084 de
1814 4025 1893 4083 87
1942 4024 2010 4084 Ε.
2058 4015 2298 4085 ἐπειδὰν
2344 4010 2782 4104 αποθανωμεν,
2824 4020 2911 4085 ἔτι
2952 4038 3065 4083 που
3105 3999 3170 4095 ἦ·

589 4129 718 4209 μῶν
762 4147 803 4209 η
851 4114 1021 4211 ψυχή
1064 4122 1238 4189 ἐστιν.
1286 4160 1365 4171 -
1416 4129 1493 4188 87
1545 4119 1614 4187 Β.
1661 4113 1968 4208 θοιμάτιον
2015 4146 2048 4188 ο
2095 4117 2447 4208 ημπείχετο.
2537 4129 2624 4190 01.
2670 4146 2962 4206 suprascr.
3006 4122 3171 4183 babet

593 4253 665 4296 ισ.
716 4233 869 4294 Tub.
926 4248 1000 4293 ex
1048 4250 1193 4295 corr.
1239 4219 1608 4330 ἥμπζσχετοε
1652 4232 1721 4291 Β.
1769 4234 1909 4293 Tur.
1954 4231 2059 4295 Hr.
2102 4232 2189 4294 St.
2234 4220 2565 4313 ἠμπείχετο
2623 4250 2815 4311 recep.
2861 4265 2944 4277 -
2989 4228 3065 4288 89
3110 4221 3166 4282 G·

592 4357 646 4425 εἰ
675 4353 750 4425 σε)
780 4358 908 4446 εἴην
937 4357 1047 4426 καί
1072 4379 1147 4445 με
1178 4347 1492 4445 διαφεύγοι
1521 4354 1556 4424 ό
1583 4347 1782 4442 λόγος.
1861 4364 1943 4425 Μ.
1972 4381 2089 4426 rec.
2119 4365 2180 4424 in
2212 4363 2299 4425 01.
2327 4381 2509 4442 supra
2538 4350 2604 4424 εό
2634 4381 2746 4426 scr.
2778 4381 2814 4425 υ
2846 4358 2999 4441 quod
3027 4351 3163 4416 Tub-

592 4487 713 4529 non
755 4470 1043 4546 agnoseit.
1119 4468 1297 4531 Nulla
1326 4477 1415 4531 est
1445 4472 1765 4531 necessitas
1795 4469 1882 4528 sie
1911 4466 2223 4532 scribendi.
2262 4498 2344 4512 —-
2379 4468 2460 4528 93
2486 4468 2552 4530 0.
2596 4467 2718 4529 τῶν
2764 4454 2871 4530 οὖν
2914 4454 3163 4543 θεμένων

593 4563 789 4658 ψυχὴν
852 4564 1159 4655 ἁρμονίαν
1199 4565 1352 4636 εἶναι
1405 4567 1465 4638 τί
1516 4590 1604 4643 τις
1642 4555 1827 4656 φήσει
1865 4571 2059 4636 ταῦτα
2104 4561 2250 4635 ὄντα
2287 4562 2445 4639 εἶναι
2486 4564 2551 4635 ἐν
2592 4572 2723 4644 ταῖς
2766 4569 3013 4657 ψυχαῖς»
3066 4546 3159 4644 τήν
