3509 5375
2889 503 2970 561 99

373 685 480 729 ποι
523 662 1031 748 διημαρτηκέναις
1096 664 1155 730 οἱ
1199 686 1316 732 om.
1360 665 1715 731 manne
1758 669 1972 747 quibus
2030 632 2182 730 adde
2228 670 2348 748 Cl.;
2416 671 2642 748 aliquot
2684 672 2871 733 libros
2915 668 2973 734 οἱ

376 771 598 832 habere
642 789 677 831 e
721 768 951 832 silentio
996 772 1246 833 Bekkeri
1294 772 1779 855 concludendum.
1869 774 2064 850 Magis
2106 774 2250 834 mihi
2295 773 2517 834 arridet
2558 779 2741 835 erasis
2787 759 2974 838 οἷδελ-

378 862 495 955 qui<
554 890 732 952 quam
794 874 1050 936 Cobetus
1110 873 1254 957 (NL.
1313 894 1370 955 p.
1418 878 1579 954 326,
1632 877 1784 937 falso
1829 877 2061 938 Jahnus
2108 875 2264 956 320)
2325 876 2529 955 Symp.
2580 880 2701 939 199
2749 880 2817 939 Ε.
2873 898 2974 941 re·
3076 856 3083 863 λ

379 978 578 1054 duxit,
640 995 776 1038 cum
818 980 878 1038 in
924 981 1407 1042 antecedentibus
1453 964 1491 1042 ὅ
1534 968 1733 1062 πατήρ
1780 973 1924 1061 εἰῇ
1963 967 2162 1061 μήτηρ
2208 980 2414 1042 eodem
2458 999 2636 1041 sensu
2683 993 2976 1063 usurpata

383 1080 526 1153 sint,
583 1080 916 1159 vellemque
969 1082 1127 1144 hanc
1171 1085 1362 1144 crasin
1404 1083 1640 1144 Jahnus
1701 1080 2058 1149 admisisset.
2146 1103 2205 1161 p.
2252 1086 2375 1145 206
2427 1085 2491 1146 C.
2550 1084 2782 1145 Jahnus
2840 1104 2972 1146 cum

380 1183 645 1262 Sauppio
689 1172 903 1255 πάντες
946 1175 1263 1266 ἅνθρωποι
1302 1205 1408 1264 pro
1452 1174 1670 1256 πάντες
1713 1178 2033 1268 ἄνθρωποι
2073 1190 2323 1265 recepit3
2368 1189 2470 1249 sed
2518 1187 2739 1248 nullam
2769 1207 2975 1250 neces-

378 1292 613 1350 sitatem
656 1292 742 1350 sic
784 1291 1076 1351 scribendi
1121 1291 1314 1351 video.
1417 1293 1491 1351 cs.
1537 1290 1642 1351 Kr.
1691 1294 1792 1369 50,
1844 1294 1942 1369 11,
1990 1294 2049 1355 9.
2139 1293 2324 1353 Recte
2368 1301 2565 1352 autem
2613 1293 2872 1355 Cobetus
2917 1304 2976 1354 et

309 1404 314 1413 “
379 1392 680 1455 Mehlerus
725 1397 915 1457 crasin
962 1397 1339 1459 restituerunt
1395 1414 1454 1472 p.
1501 1398 1628 1456 220
1674 1398 1760 1473 (3.,
1820 1413 1950 1456 cum
1995 1396 2093 1458 hic
2151 1386 2469 1477 ἅνθρωποι
2522 1416 2643 1458 non
2708 1401 2977 1459 universe

381 1501 753 1576 usurpaverit
796 1501 1068 1574 scriptor.
1155 1500 1352 1559 Etiam
1401 1501 1522 1559 221
1563 1499 1643 1561 D.
1688 1516 1822 1560 cum
1870 1498 2132 1578 Sauppio
2176 1501 2377 1560 malim
2423 1501 2675 1562 scribere
2735 1494 2862 1571 οἷος
2905 1497 2976 1562 δὲ

381 1584 587 1662 οὖτοσὶ
644 1595 854 1681 γέγονε
906 1592 1014 1681 τὴν
1074 1590 1325 1663 ἀτοπίαν
1372 1591 1698 1682 ἅνθρωπος
1741 1597 1874 1684 (pro
1922 1592 2126 1686 ἄνθρ.)
2172 1621 2351 1681 quam
2399 1603 2650 1680 Kriigeri
2696 1621 2974 1682 praecep-

380 1715 504 1764 tum
552 1698 630 1781 (ὃ
675 1705 791 1782 50,
842 1706 957 1779 11,
1004 1700 1127 1786 22)
1186 1705 1301 1766 boc
1360 1705 1491 1766 loeo
1546 1706 1874 1766 adhibitum
1921 1715 2149 1785 putare.
2261 1706 2483 1766 Eodem
2529 1706 2706 1766 modo
2752 1711 2978 1784 corrige

381 1806 577 1868 Alcib.
598 1807 678 1867 11.
723 1825 781 1884 p.
831 1809 954 1868 150
1001 1809 1069 1869 Ε.
1117 1796 1279 1876 ὅστις
1319 1797 1450 1868 ποτ’
1494 1802 1645 1870 ἐστιν
1692 1793 1848 1888 ἇνήρ
1895 1809 1993 1870 ubi
2042 1793 2078 1869 ὅ
2123 1798 2275 1889 ἀνὴρ
2322 1810 2624 1886 scribuut3
2691 1809 2797 1870 sed
2843 1829 2975 1872 cum

381 1911 692 2001 articulum
739 1910 824 1972 cl.
868 1919 927 1971 et
959 1911 1113 1975 Tub.
1160 1914 1483 1989 omiserint,
1528 1912 1711 1972 erasis
1755 1912 2146 1990 praeferenda
2188 1921 2278 1973 est
2300 1909 2372 1992 ¹).
2440 1911 2643 1990 Symp.
2666 1930 2726 1989 p.
2751 1913 2875 1972 206
2901 1917 2977 1973 A.

382 2013 634 2090 legimus
665 2013 820 2090 apud
845 2013 1105 2073 Jalmum
1150 1999 1243 2084 ,αἷς
1286 2002 1464 2075 ου’δὲν
1509 2031 1579 2095 γε
1625 2003 1784 2076 ἄλλο
1830 2008 1981 2077 ἐστὶν
2029 2004 2109 2076 οὗ
2152 2009 2369 2096 ἐρῶσιν
2418 2006 2736 2095 ἅνθρωποι
2777 2003 2821 2096 ἢ
2867 2015 2980 2077 τοῦ

384 2106 641 2195 ἀγαθοῦ.
732 2102 869 2194 Ἆρ’
913 2101 1023 2177 οὖν
1069 2102 1118 2196 ἦ
1160 2107 1214 2176 δ’
1255 2107 1321 2198 ἤ,
1368 2107 1568 2187 οὕτως
1614 2111 1844 2179 ἁπλοῦν
1906 2111 2031 2179 ἐστὶ
2073 2111 2295 2197 λέγειν,
2358 2107 2450 2180 ὅτι
2512 2108 2829 2199 ἅνθρωποι
2868 2119 2982 2181 τοῦ

383 2210 620 2300 ἀγαθοῦ
662 2216 895 2302 ἐρῶσιν.
965 2223 1137 2285 Prius
1183 2211 1532 2302 ἅνθρωποι,
1577 2238 1684 2299 pro
1729 2240 1849 2299 quo
1895 2221 2028 2283 libri
2072 2224 2278 2300 optimi
2325 2212 2655 2302 ἄνθρωποι,
2698 2221 2830 2281 libri
2875 2222 2975 2284 de·

381 2328 626 2386 ter-iores
686 2320 745 2386 οἱ
807 2315 1120 2404 ἅνθρωποι
1175 2324 1433 2404 habent,
1493 2335 1629 2390 rest.
1674 2326 1868 2385 Bekk.
1928 2325 2172 2386 alterum
2222 2314 2548 2404 ,ἅνθρωποι
2603 2342 2710 2402 pro
2766 2319 2823 2386 οἱ
2869 2314 2979 2385 ἄν·

378 2428 622 2510 θρωποι
661 2432 893 2506 scripsit
936 2428 1251 2506 Sauppius.
1338 2427 1455 2491 Sed
1501 2445 1606 2490 eur
1648 2431 1839 2490 crasin
1883 2428 1980 2488 bic
2021 2428 2315 2489 induxerit
2357 2427 2687 2506 Sauppius,
2745 2446 2879 2489 cum
2923 2423 2983 2489 οἱ

383 2523 701 2613 ἄνθρωποι
757 2534 1102 2611 antecedat,
1160 2550 1280 2594 non
1327 2533 1626 2609 intellego.
1728 2534 1913 2594 Recte
1966 2532 2249 2595 tractabis
2307 2532 2536 2609 locum,
2601 2526 2683 2610 si,
2743 2548 2878 2593 cum
2924 2526 2981 2592 οἱ

380 2627 557 2719 ἅνθρ.
606 2638 918 2699 antecedat
961 2647 1022 2699 et
1059 2637 1471 2715 subsequatur,
1516 2635 1660 2697 illud
1707 2635 1867 2715 quod
1911 2637 1972 2697 in
2017 2634 2213 2696 medio
2263 2641 2353 2696 est
2399 2623 2721 2716 ἅνθρωποι
2759 2638 2820 2695 in
2869 2622 2981 2696 ἅν-

380 2739 623 2821 θρωποι
677 2742 970 2818 mutabis;
1028 2760 1167 2801 nam
1211 2740 1447 2801 Platoni
1490 2743 1699 2818 opinor
1756 2741 1924 2800 licuit
1966 2739 2146 2800 modo
2189 2738 2444 2799 solutam
2490 2738 2668 2799 modo
2714 2746 2977 2800 contrac-

383 2853 507 2905 tam
553 2846 800 2906 formam
846 2843 1079 2919 eligere.

556 2949 688 3009 Iam
740 2963 921 3025 supra
965 2947 1219 3007 vidimus
1263 2965 1386 3008 non
1430 2946 1611 3010 semel
1654 2947 1851 3030 crasin
1898 2945 2150 3006 librariis
2197 2946 2501 3007 offensioni
2555 2948 2769 3026 suisse3
2827 2950 2981 3007 ratio

388 3062 668 3114 constans
711 3050 1004 3112 scribendi
1050 3054 1289 3112 omuino
1335 3069 1454 3111 non
1502 3052 1784 3127 reperitur
1827 3052 1888 3110 in
1931 3049 2132 3125 libris3
2193 3049 2351 3126 quod
2404 3059 2472 3110 ut
2511 3051 2774 3129 eluceat,
2818 3051 2983 3112 Clar-

384 3158 560 3217 kiani'
610 3173 833 3215 morem
895 3154 1188 3215 vocabula
1248 3157 1398 3217 crasi
1463 3153 1742 3232 copulata
1795 3153 2088 3215 scribendi
2133 3153 2362 3231 aliquot
2405 3153 2688 3232 exemplis
2735 3153 2980 3215 demon·

391 3261 616 3374 ⁸⁶¹290·
677 3259 796 3320 Pro
838 3237 951 3319 κᾶν
996 3267 1166 3320 vetus
1210 3277 1420 3320 manus
1446 3259 2126 3344 Clarkiani'plerumque
2160 3261 2361 3336 posuit
2400 3252 2553 3337 κάν,
2596 3259 2815 3337 ubique
2861 3261 2982 3322 fere

385 3366 641 3442 reperies
671 3364 949 3440 scriptum
987 3346 1273 3441 τοόνομα,
1317 3364 1504 3423 altera
1531 3366 1771 3440 scriptio
1815 3350 2088 3441 τοῦνομα
2129 3362 2413 3434 manibus„
2449 3363 2779 3424 recentibus
2803 3363 2982 3424 debe—

387 3478 504 3534 tur.
583 3467 878 3545 Persaepe
919 3460 1208 3528 ‘'ravum-ta
1251 3469 1311 3528 in
1336 3465 1654 3528 Glarkiano
1700 3466 1978 3544 habetur3
2025 3465 2132 3527 sed
2173 3459 2250 3528 τὰ
2294 3460 2500 3527 ναντία
2542 3466 2771 3531 Phileb.
2798 3471 2881 3530 39
2906 3470 2981 3529 A.

385 3570 578 3636 Alcib.
607 3573 732 3635 114
758 3570 838 3634 D.
896 3570 1081 3649 Soph.
1106 3572 1226 3630 241
1257 3571 1353 3649 A„
1400 3570 1632 3638 2591).
1693 3570 1948 3634 Phaedr.
1995 3572 2114 3630 261
2145 3570 2225 3633 D.
2286 3565 2474 3652 (Men.
2513 3573 2587 3632 ’11
2630 3572 2704 3634 Β.
2748 3561 2986 3633 τάναν-

388 3670 528 3758 τία).
633 3675 704 3735 In
764 3690 897 3737 voe.
960 3659 1160 3736 τᾶλλα
1221 3669 1433 3756 (quam
1491 3675 1867 3749 scriptionem
1927 3674 2118 3736 solam
2161 3691 2363 3734 veram
2426 3692 2563 3736 esse
2623 3670 2850 3754 iudico)
2898 3670 2986 3736 cl.

387 3781 544 3841 inter
606 3779 718 3839 has
779 3781 1128 3868 scriptiones
1183 3778 1462 3839 fluctuat:
1548 3776 1781 3856 τᾶλλα,
1845 3776 2006 3855 quod
2062 3778 2244 3854 longe
2287 3778 2825 3855 frequentissimum
2871 3790 2987 3851 est,

389 3871 617 3960 τ’ἅλλα,
647 3872 858 3945 τάλλα
902 3875 1076 3966 (haec
1105 3873 1420 3960 praecipue
1451 3883 1511 3941 in
1543 3881 1772 3957 Gorgia
1800 3887 1861 3942 et
1881 3871 2138 3942 Menone
2168 3876 2730 3962 deprehenduntur),
2772 3870 2987 3943 τᾶλλα.

391 3986 592 4047 Crasis
622 3971 753 4070 ὲγῷ
754 4004 861 4065 μαι
887 3989 948 4046 in
973 3987 1288 4048 Clarkiano
1321 3986 1554 4054 duobus
1585 3986 1778 4047 modis
1809 3988 1971 4063 picta
2015 3993 2107 4046 est
2135 3985 2236 4045 vel
2278 3979 2514 4064 ἐγῶμαι
2556 3985 2651 4047 vel
2696 3971 2990 4064 ἐτ’ὦιμαις

385 4091 535 4152 haec
578 4092 818 4167 scriptio
861 4092 1149 4168 reperitur
1179 4090 1366 4166 Gorg.
1399 4092 1528 4180 452
1557 4090 1691 4151 130.
1765 4088 2024 4168 Euthyd.
2057 4091 2185 4152 288
2216 4089 2333 4168 Ι).,
2379 4092 2502 4150 295
2538 4090 2603 4151 C.
2647 4097 2710 4150 et
2752 4103 2983 4164 semper

386 4201 449 4259 in
496 4198 862 4274 Protagora3
927 4197 1165 4273 reliquis
1225 4191 1462 4276 ὲγῶμαι
1523 4185 1584 4276 (a
1638 4177 1831 4274 prima
1884 4187 2119 4275 manu).
2227 4194 2347 4255 Pro
2401 4182 2575 4274 κάγώ
2632 4194 2987 4255 creberrime

387 4302 561 4364 nobis
619 4299 950 4378 legentibus
1010 4303 1263 4362 occurrit
1320 4289 1523 4379 καγώ;
1589 4299 1692 4359 sed
1753 4297 1902 4358 illud
1946 4316 2026 4358 m.
2070 4316 2187 4361 rec.
2235 4301 2486 4359 correxit
2529 4292 2666 4361 Riv.
2717 4298 2837 4356 133
2884 4296 2982 4371 E„

523 4530 571 4596 1)
610 4528 683 4579 At
717 4525 891 4577 Alcib.
930 4519 1032 4578 123
1070 4525 1169 4590 D.,
1224 4523 1316 4576 ubi
1352 4524 1432 4578 cl.
1467 4515 1495 4575 ὁ
1533 4527 1658 4575 ante
1695 4514 1819 4597 ἀνήρ
1870 4520 2074 4585 omisit,
2130 4534 2321 4572 rasura
2362 4534 2460 4572 nos
2508 4525 2718 4585 monet,
2770 4523 2830 4570 ut
2866 4533 2984 4582 curn

394 4615 730 4685 Tubingensi
765 4613 1046 4667 articulum
1081 4626 1368 4672 servemus.

2506 4711 2571 4765 7·
