3509 5375
606 467 684 560 ἆῤ

779 691 837 749 p.
871 675 995 732 277
1033 673 1105 734 A.
1153 681 1309 733 recte
1339 668 1717 733 Hermannus
1753 666 1964 732 edidit:
2010 648 2088 733 ’Τί
2130 641 2271 751 οὸνς
2317 649 2361 752 ἦ
2406 633 2562 751 0⁵84,
2612 650 2738 755 ἆρα
2770 664 2845 735 οιῗ
2874 657 3183 754 μανθάνεις

608 766 735 838 ἅττ’
783 765 856 837 ἄν
905 767 1354 858 ἀποστοματίζῃ
1398 794 1514 855 τις,
1561 761 1598 836 ὅ
1642 772 1710 837 δὲ
1754 767 1836 858 μὴ
1885 763 2271 856 ἐπιστάμενος
2315 764 2639 858 γράμματα
2672 766 2991 860 μανθάνεις
3038 780 3184 838 Libri

604 890 787 960 praet.
834 882 1009 943 Coisl.
1073 870 1146 942 ot)
1201 867 1539 962 μανθάνεις.
1653 882 1956 942 Heindorf.
2010 881 2197 943 Bekk.
2247 882 2374 942 Ast.
2428 882 2626 947 Turio.
2679 884 2917 947 Hirsch.
2984 874 3056 943 od
3121 873 3189 943 ου’

603 973 954 1067 μανθάνειςς
1008 986 1201 1050 Badh.
1261 979 1335 1047 σύ
1391 980 1498 1066 μὲν
1559 975 1637 1046 ου’
1680 973 2019 1064 μανθάνεις.
2118 985 2401 1064 Sophiste
2444 989 2696 1065 probare
2740 989 2906 1049 vult:
2962 975 3188 1067 μανθά-

601 1108 798 1152 νουσιν
844 1078 892 1150 o?
932 1084 1292 1152 ἐπίστανται.
1385 1088 1557 1168 Quod
1621 1097 1682 1150 ut
1726 1090 1975 1165 efficiat,
2040 1091 2131 1150 his
2175 1092 2740 1166 interrogationibus
2777 1095 2991 1151 utitur:
3050 1080 3185 1151 ὅταν

601 1182 710 1256 οὖν
783 1213 869 1263 τις
925 1183 1373 1276 ἀποστοματίζῃ
1434 1178 1655 1272 ὅτιοῦν,
1731 1183 1807 1253 ου’
1881 1182 2203 1275 γράμματα
2280 1184 2778 1275 οἷποστοματίζει;
2862 1179 3189 1274 Ὣμολόγει.

603 1290 843 1361 Οὐκοῦν
916 1287 1007 1360 οἷν
1081 1318 1135 1359 τι
1190 1288 1266 1359 σὰ
1325 1292 1638 1360 ἐπίστασαι
1689 1295 1812 1381 ἔφη
1876 1290 2370 1377 ἀποστοματίζει,
2458 1294 2626 1380 εἴπερ
2699 1285 2896 1360 πάντα
2954 1291 3187 1359 ἐπίστα-

606 1422 740 1483 σαι;
777 1396 896 1466 Καὶ
924 1403 1104 1465 τοῦτο
1137 1387 1456 1483 «ὁμολόγει.
1515 1404 1666 1462 Tum
1703 1409 1948 1481 opponit
1970 1405 2352 1464 mirabundus
2385 1407 2839 1481 interrogatione
2871 1405 3189 1479 insequenti

600 1510 868 1587 sophista
911 1509 971 1568 id
1017 1508 1175 1585 quod
1223 1519 1310 1567 est
1355 1518 1412 1567 et
1457 1508 1515 1566 id
1559 1509 1719 1584 quod
1763 1527 1882 1567 non
1929 1517 2051 1584 est3
2124 1509 2269 1568 illud
2316 1512 2493 1585 igitur
2537 1526 2777 1586 negare,
2822 1509 2936 1567 hoc
2980 1526 3185 1585 ponere

603 1614 798 1674 debet.
888 1612 1060 1673 Unde
1105 1613 1297 1672 elucet
1352 1613 1722 1688 negationem
1772 1600 1845 1671 ου’
1889 1622 2026 1672 ante
2070 1601 2394 1691 μανθάνεις
2438 1612 2600 1671 nullo
2648 1613 2825 1671 modo
2871 1629 3049 1688 posse
3095 1611 3185 1669 de-

610 1737 759 1781 esse.
850 1716 1159 1793 Quaeritur
1193 1733 1410 1798 porro,
1476 1733 1615 1774 num
1664 1704 1737 1775 σι)
1787 1714 1883 1791 yel
1927 1707 2002 1775 σύ
2046 1711 2387 1795 μὲν’ροεεὶῐ
2442 1718 2650 1776 omitti.
2738 1716 2890 1775 Mihi
2934 1718 3186 1793 persuasi

605 1822 842 1883 Platoni
903 1819 1212 1881 dicendum
1269 1822 1449 1880 fuisse
1509 1827 1614 1879 aut
1669 1806 1796 1897 ἆρα
1839 1807 1912 1880 οδ
1956 1805 2279 1899 μανθάνεις
2322 1829 2430 1880 aut
2473 1807 2597 1900 ἄρα
2645 1810 2716 1879 od
2763 1814 2873 1900 μὲν
2918 1809 2995 1882 ου’
3036 1838 3184 1900 μαν-

599 1915 820 1996 θάνεις.
913 1926 1065 1986 Nam
1113 1923 1331 2001 duplici
1378 1923 1552 1983 modo
1599 1925 1896 1983 contraria
1937 1924 2239 2000 particulis
2285 1917 2389 2002 μέν
2432 1956 2519 1970 —-
2577 1919 2648 1985 δέ
2703 1928 2852 1985 inter
2899 1943 2964 1985 se
3011 1942 3182 2002 oppo-

600 2040 844 2107 nuntur3
891 2040 993 2089 aut
1041 2029 1251 2088 dicitur
1291 2022 1444 2088 ἔνθα
1489 2019 1594 2108 μέν
1629 2062 1706 2071 -
1740 2023 1893 2088 ἔνθα
1936 2020 2027 2105 δέ,
2070 2022 2207 2089 τοτὲ
2254 2023 2360 2109 μὲν
2411 2063 2487 2072 ——
2535 2024 2673 2089 τοτὲ
2717 2024 2809 2107 δὲ,
2858 2023 2917 2090 οἱ
2962 2024 3066 2109 μέν
3108 2059 3186 2072 -

601 2130 658 2196 οἱ
703 2129 772 2195 δέ
815 2142 919 2195 aut
966 2135 1187 2194 omisso
1231 2128 1386 2200 ἔνθα
1430 2126 1565 2213 μέν,
1610 2127 1749 2194 τοτὲ
1792 2127 1919 2213 μὲν,
1963 2126 2022 2195 οἱ
2063 2127 2168 2213 μἐν
2211 2134 2406 2195 solum
2452 2138 2689 2214 ponitur
2729 2128 3017 2208 ἔνθάδέ,
3059 2128 3183 2195 τοτὲ

602 2233 707 2318 δέ,
763 2233 821 2300 οἱ
868 2231 937 2299 δέ
982 2239 1055 2299 cf.
1082 2256 1255 2315 quae
1300 2238 1410 2300 hoe
1455 2238 1528 2299 de
1574 2256 1682 2297 usu
1730 2238 2025 2315 disputavi
2073 2242 2131 2298 in
2175 2239 2431 2315 Speeim.
2480 2242 2663 2303 critic.
2708 2257 2768 2316 p.
2816 2241 2900 2326 43
2950 2249 3009 2300 et
3051 2240 3185 2300 haee

598 2344 910 2420 exempla-2
944 2343 1104 2403 Prot.
1148 2360 1207 2420 p.
1239 2343 1365 2401 330
1400 2342 1475 2403 A.
1520 2335 1775 2402 ἕκαστον
1821 2336 1891 2403 δὲ
1937 2329 2137 2402 αὗταῑν
2182 2336 2373 2420 ἐστίν,
2400 2330 2492 2423 ’ἦν
2536 2331 2592 2405 δ’
2594 2334 2735 2421 ἐγώ,
2780 2333 2968 2416 ἄλλο,
3010 2332 3077 2402 ‘co‘
3120 2336 3181 2401 δὲ

602 2437 782 2510 ἄλλο.
872 2448 1129 2507 Phaedr.
1177 2464 1234 2523 p.
1264 2449 1387 2505 266
1418 2447 1490 2507 A.
1539 2434 1750 2525 ὥσπερ
1798 2440 1868 2507 δὲ
1913 2433 2199 2530 σώματος
2242 2442 2307 2519 ἐξ
2350 2438 2481 2518 ἑνὸς
2526 2444 2711 2509 διπλοῖ
2749 2441 2857 2508 καὶ
2905 2432 3182 2527 ὁμώνυμα

595 2546 867 2632 πέφυκε,
929 2539 1145 2624 σκαιά,
1205 2542 1279 2610 τὰ
1325 2543 1394 2611 δὲ
1440 2542 1603 2619 δεξιὰ
1645 2546 1967 2632 κληθέντα.
2069 2555 2144 2613 cf.
2190 2554 2394 2618 Madv.
2441 2557 2478 2625 §
2527 2555 2650 2615 188
2696 2555 2837 2616 Not.
2871 2557 2909 2613 2
2956 2571 3016 2630 p.
3051 2554 3181 2612 217.

599 2656 767 2734 Quae
810 2674 944 2718 curn
988 2658 1075 2717 ita
1117 2658 1255 2734 sint,
1302 2665 1456 2718 recte
1500 2658 1736 2734 scripsit
1779 2655 2153 2718 Hermannus
2202 2644 2328 2738 ἆρα
2370 2646 2446 2720 ου’
2488 2643 2811 2744 μανθάνεις
2855 2675 3048 2736 neque
3090 2673 3182 2717 aa·

599 2762 846 2822 diendus
910 2769 1000 2822 est
1044 2761 1390 2823 Badhamus
1451 2763 1553 2839 qui
1615 2762 1834 2839 duplici
1879 2763 2334 2840 interpolatione
2381 2763 2580 2829 locum
2624 2766 2979 2840 inquinavit.
3078 2761 3184 2821 Vo-

599 2867 765 2927 culae
811 2856 883 2926 οὗ
929 2874 988 2926 et
1034 2884 1107 2926 συ
1155 2883 1275 2926 non
1320 2884 1451 2926 raro
1497 2870 1650 2928 inter
1694 2886 1760 2929 se
1806 2869 2122 2945 permutari
2168 2885 2345 2929 nemo
2390 2868 2507 2928 non
2555 2871 2742 2930 novit.
2832 2870 2911 2933 cf.
2945 2866 3182 2931 Phaedr

599 2992 659 3050 p
707 2975 833 3032 230
881 2972 946 3035 ο.
994 2979 1054 3032 et
1109 2973 1184 3035 D.
2617 3034 2624 3040 ‚

771 3095 830 3154 p.
878 3077 1003 3135 279
1053 3077 1126 3138 D.
1171 3093 1350 3137 τουτο
1397 3071 1468 3137 δὲ
1509 3095 1626 3137 καν
1672 3079 1814 3147 παῖς
1856 3071 2044 3159 γνοίη.
2135 3077 2264 3139 Hac
2309 3077 2607 3139 locutione
2656 3080 2839 3140 utitur
2889 3078 3078 3153 Plato,
3124 3083 3177 3132 ut

602 3182 760 3258 quod
823 3189 1092 3257 apertum
1153 3181 1511 3257 planumque
1557 3190 1679 3258 est,
1735 3181 2028 3257 significet
2088 3184 2161 3243 cl'.
2208 3183 2461 3260 Euthyd.
2511 3184 2632 3242 301
2681 3182 2753 3245 B.
2816 3171 2954 3244 ἀλλ’
2998 3177 3177 3259 ἔγωγε

599 3273 731 3344 ουδ’
787 3302 866 3345 αν
921 3282 1112 3346 παῖδα
1157 3303 1334 3370 ῳμην
1380 3285 1559 3346 τοῦτο
1604 3275 1929 3366 απορῆσαι.
2034 3287 2265 3346 Menex.
2326 3306 2382 3363 p.
2430 3289 2556 3347 240
2602 3288 2677 3348 D.
2742 3280 2800 3345 ἐν
2855 3274 3054 3372 τούτῳ
3113 3273 3179 3361 δὴ

603 3381 676 3448 ἄν
737 3407 821 3458 τις
876 3377 1193 3470 γενόμενος
1243 3384 1432 3468 γνοίη.
1490 3389 1732 3448 Theaet.
1787 3394 1903 3449 177
1954 3392 2025 3452 Β.
2086 3380 2247 3450 ὥστε
2288 3383 2523 3452 παίδων
2569 3385 2755 3471 μηδὲν
2813 3389 3015 3452 δοκεῖν
3060 3386 3181 3448 δια-

601 3487 820 3575 φέρειν.
913 3495 1048 3570 Lys.
1097 3512 1154 3569 p.
1203 3495 1325 3553 205
1374 3495 1445 3553 Β.
1488 3481 1530 3553 ὃ
1574 3481 1713 3572 mixi
1754 3482 1873 3555 κᾶν
1920 3496 2059 3565 παῖς
2103 3490 2274 3558 εἴποι.
2363 3495 2568 3573 Symp.
2613 3515 2670 3575 p.
2713 3497 2841 3558 204
2886 3497 2958 3558 B.
3006 3492 3177 3574 δῆλον

598 3588 673 3678 δὴ
719 3587 894 3658 τοῦτό
939 3616 1005 3676 γε
1050 3588 1170 3678 ἤδη
1217 3591 1322 3659 καὶ
1351 3592 1534 3658 παιδί.
1611 3599 1852 3658 Praeter
1898 3600 2048 3659 hanc
2091 3593 2451 3661 locutionem
2499 3599 2671 3660 Plato
2718 3603 2894 3668 etiam
2942 3601 3032 3660 ins
3077 3590 3179 3656 uti-

606 3713 735 3761 turz
809 3697 872 3785 1)
917 3704 1064 3780 Rep.
1115 3704 1186 3763 V.
1237 3706 1360 3763 465
1410 3704 1485 3764 D.
1549 3699 1710 3782 δῆλα
1766 3696 1868 3763 καὶ
1926 3702 2156 3792 τυφλῷ.
2265 3704 2445 3781 Soph.
2493 3723 2550 3781 p.
2598 3707 2718 3762 241
2772 3705 2843 3762 D.
2903 3704 3033 3772 πῶς
3074 3693 3179 3779 γὰρ

597 3825 670 3866 ου
719 3800 991 3885 φαίνεται
1044 3800 1149 3867 καὶ
1204 3796 1274 3866 ‘co‘
1329 3793 1648 3886 λεγόμενον
1711 3798 1786 3888 δὴ
1834 3825 2011 3867 τουτο
2069 3801 2301 3896 τυφλῷ.
2390 3808 2536 3884 Rep.
2587 3807 2752 3868 VIII.
2802 3812 2928 3869 550
2975 3809 3046 3866 D.
3089 3798 3183 3866 καὶ

601 3928 715 3992 μην
762 3905 866 3970 καὶ
908 3911 1120 4000 τυφλῷ
1167 3929 1235 3990 γε
1281 3908 1465 3990 δῆλον
1513 3909 1641 3991 (Ar.
1684 3912 1843 3972 Plut.
1877 3914 1957 3971 48
2007 3909 2194 3973 δῗλον
2236 3929 2363 3990 οτιη
2410 3904 2514 3971 καὶ
2555 3909 2813 3996 τυφλῳ).
2904 3908 2967 3995 2)
3014 3909 3179 3970 lach.

609 4018 727 4077 196
769 4015 847 4074 D.
913 4007 1069 4077 κατὰ
1127 4007 1235 4096 τὴν
1296 4011 1614 4096 παροιμίαν
1678 4005 1806 4095 ἄρα
1864 4016 1955 4106 τῷ
2012 4006 2137 4076 ὄντι
2196 4005 2313 4077 ου’κ
2368 4034 2446 4077 αν
2490 4034 2657 4077 πασα
2705 4035 2776 4086 υς
2817 4013 2982 4097 γνοίη
3028 4011 3174 4090 quod

607 4121 863 4181 51:1151555
871 4133 928 4178 ta
988 4120 1079 4180 his
1146 4120 1337 4182 verbis
1394 4119 1676 4180 illustrat.
1744 4138 1860 4181 καν
1908 4138 2104 4194 κυων,
2168 4139 2239 4190 υς
2299 4114 2487 4202 γνοίη.
2534 4115 2631 4181 ἐπὶ
2672 4120 2784 4182 τοῦ
2825 4107 3036 4212 ράδίου
3082 4109 3177 4176 καὶ

603 4217 942 4301 553·vriiurnu
1001 4243 1162 4285 ωστε
1220 4216 1327 4285 καὶ
1385 4215 1460 4286 τοὶ
1505 4213 1900 4305 ἀμαθέστατα
1954 4223 2087 4297 ζῶα
2140 4223 2531 4305 καταμαθεῖν.
2631 4227 2764 4286 Hoc
2819 4225 3175 4302 proverbium

603 4333 851 4405 eleganti
903 4333 1263 4391 correctione
1309 4333 1560 4390 restituit
1606 4331 1669 4393 Ο.
1719 4330 1787 4394 F.
1835 4329 2211 4391 Hei-mannus
2257 4331 2392 4390 Riv.
2429 4329 2549 4391 134
2579 4334 2650 4395 Α.
2701 4319 2821 4409 ἐγώ
2870 4324 2972 4410 μὲν
3018 4315 3174 4416 ᾤμην

603 4425 667 4493 rr}
735 4415 1049 4517 ἓ.εγᾶμενον
1112 4423 1189 4515 δὴ
1234 4435 1414 4495 'codro
1461 4421 1572 4495 κᾶν
1621 4422 1691 4495 ὗν
1737 4435 1989 4512 γνῶναι,
2052 4437 2153 4522 ubi
2198 4455 2305 4513 pro
2352 4424 2465 4497 κᾶν
2513 4424 2583 4496 ὅν
2639 4435 2771 4495 libri
2816 4433 3177 4512 suppeditant

603 4533 703 4597 καὶ
767 4541 895 4613 υίὶνς
974 4535 1040 4620 3)
1085 4538 1326 4600 Phaedo
1379 4541 1497 4600 108
1548 4540 1620 4602 D.
1691 4527 1850 4601 ἇλλοί
1898 4535 2098 4621 μέντοι
2157 4529 2290 4619 οιῗχ
2330 4525 2375 4620 ἦ
2416 4525 2698 4602 Γλαόκου
2759 4534 2937 4618 τέχνη
2983 4530 3046 4616 γε’
3087 4547 3178 4612 μοι

607 4641 771 4701 Ξοκεῖ
819 4637 966 4706 εἶναι
994 4631 1399 4727 διηγήσασθαι
1430 4636 1474 4706 ἅ
1501 4634 1708 4724 γ’ἐστιν
1742 4664 1756 4678 ·
1790 4639 1875 4717 αῖς
1919 4641 2117 4727 μέντοι
2160 4632 2389 4727 α’ληθῆ,
2432 4632 2857 4727 χαλεπώτερόν
2902 4660 2998 4724 μοι
3039 4629 3174 4719 φαί-

599 4762 761 4806 νεται
804 4738 847 4826 ἦ
891 4738 1047 4809 κατὰ
1092 4742 1197 4830 τὴν
1242 4741 1526 4813 Γλαύκου
1568 4745 1782 4832 τέχνην
1826 4751 2259 4829 „Proverbium
2302 4752 2374 4811 de
2414 4751 2588 4812 rebtoe
2630 4770 2758 4812 non
2802 4751 3052 4826 multum
3090 4745 3176 4802 in·
