3509 5375
497 404 617 467 102

487 576 682 652 legem
727 595 906 654 quam
950 578 1208 640 Cobetus
1251 581 1377 661 sibi.
1407 580 1662 658 effinxit3
1707 582 1779 644 N.
1828 582 1897 643 L.
1943 601 1999 661 p.
2042 586 2167 644 747
2216 586 2368 645 enim
2413 584 2588 648 dicit:
2633 577 2833 668 ὁσέτη,
2881 589 3085 665 inquit,

489 681 670 742 Attici
715 682 988 743 solebant
1030 683 1221 745 dicere
1269 693 1332 746 ut
1375 677 1668 766 ὁσημέραι
1712 694 1773 747 et
1819 677 2080 766 ὄσῶραιε
2124 687 2228 748 sed
2274 687 2509 748 divisim
2554 677 2692 752 ὅσοι
2733 691 2931 774 μῆνες.
3006 695 3087 754 At

490 783 579 849 01.
628 785 863 851 Charm.
909 787 1033 847 176
1078 787 1154 853 D.
1203 788 1375 850 nobis
1418 789 1663 867 praebet
1703 779 1850 851 ὅσαι
1891 778 2116 871 vim-:paz
2159 787 2333 872 (sle).

665 991 1052 1070 Praeceptum
1097 995 1256 1072 quod
1301 994 1407 1057 Kr.
1451 995 1532 1059 ΙΙ.
1576 998 1614 1068 §
1665 997 1763 1072 14,
1811 999 1848 1059 2
1871 1040 1888 1073 ,
1939 999 1970 1057 1
2034 1001 2345 1075 proposuit
2415 998 2559 1076 „der
2604 1000 2832 1062 Artikel
2875 1001 3086 1078 gehiirt

492 1094 652 1157 nicht
685 1096 1060 1174 nothwendig
1103 1116 1177 1158 zu
1223 1098 1358 1158 dem
1385 1096 1612 1176 Worte,
1657 1100 1768 1159 mit
1797 1098 1930 1160 dem
1972 1117 2041 1160 er
2082 1103 2213 1161 eino
2240 1101 2452 1162 Krasis
2483 1102 2727 1181 bilder&
2770 1104 3085 1165 confirma-

493 1207 618 1261 tum
677 1199 945 1261 videmus
1005 1200 1238 1264 Politic.
1286 1202 1409 1261 305
1459 1202 1523 1262 C.
1586 1201 1685 1261 ubi
1732 1220 1764 1261 e
1810 1203 1895 1264 Ol.
1956 1206 2313 1265 restituimus
2370 1190 2692 1287 τάλλήλων
2735 1196 3086 1289 ἐγκλήματα
3138 1236 3146 1249 ·

491 1311 553 1363 et
596 1300 779 1379 Soph.
828 1306 951 1364 222
998 1307 1073 1368 A.
1107 1293 1224 1365 ’τᾶν
1266 1292 1500 1374 τούτοις
1541 1303 1708 1384 ζῶα,
1750 1294 1859 1366 τᾶν
1902 1294 2135 1377 τούτοις
2177 1301 2519 1389 θρέμματα.

667 1506 770 1572 καὶ
798 1520 857 1572 et
885 1499 1000 1573 κᾶν
1030 1514 1092 1571 in
1123 1506 1291 1574 libris
1322 1528 1604 1589 persaepe
1633 1520 1932 1573 mutantur
1962 1514 2036 1573 cs.
2056 1532 2117 1592 p.
2141 1514 2243 1574 95.
2316 1512 2415 1574 Sic
2440 1514 2656 1593 Cratyl.
2685 1516 2809 1576 417
2840 1517 2915 1581 A.
2945 1516 3087 1593 legi-

494 1634 624 1677 mus
653 1611 757 1677 καὶ
799 1634 907 1694 pro
949 1605 1103 1693 κᾶν;
1146 1619 1286 1677 item
1318 1615 1521 1695 Symp.
1549 1618 1670 1677 196
1699 1617 1767 1680 Ε.
1814 1635 1901 1694 pr.
1946 1635 2024 1681 m.
2068 1610 2173 1679 καὶ
2213 1635 2319 1696 pro
2363 1605 2482 1680 κᾶν
2526 1618 2722 1682 habet.
2788 1619 2932 1679 Inde
2975 1621 3087 1681 loci

494 1721 660 1781 multi
707 1719 1036 1796 corrigendi
1080 1727 1254 1798 sunt3
1302 1720 1483 1780 veluti
1528 1719 1694 1783 Prot.
1739 1737 1805 1801 p.
1850 1720 1974 1781 327
2015 1722 2079 1784 C.
2127 1720 2424 1799 Sauppius
2469 1710 2599 1811 ᾤου
2643 1711 2760 1784 κᾶν
2804 1740 2912 1799 pro
2959 1717 3082 1783 οἴου

493 1816 598 1886 καὶ
638 1826 948 1901 proposuit
991 1823 1066 1885 cs.
1112 1841 1293 1901 supra
1338 1842 1398 1902 p.
1428 1826 1526 1886 78.
1594 1824 1819 1885 Eodem
1856 1824 2033 1885 modo
2080 1826 2251 1885 nobis
2295 1824 2356 1884 hi
2404 1827 2518 1888 loci
2560 1826 2909 1887 emendandi
2954 1843 3082 1887 esse

494 1928 801 1991 videntur:
863 1926 1000 2005 Lys.
1048 1927 1173 1986 208
1220 1927 1291 1987 Ε.
1354 1915 1513 1988 ἀλλὰ
1556 1920 1662 1988 καὶ
1704 1922 2030 2008 τυπτοίμην
2077 1916 2151 1990 ἄν
2211 1921 2264 1989 εἰ
2307 1924 2665 2010 τοπτοίμην·
2710 1917 2786 1988 ἄν
2834 1944 2951 1992 om.
2998 1929 3084 1991 01.

496 2033 796 2093 Particula
854 2049 974 2091 non
1040 2039 1236 2107 potest
1291 2030 1526 2107 deesse3
1590 2030 1965 2091 scribendum
2008 2033 2191 2107 igitur
2230 2019 2348 2093 κᾶν
2393 2050 2500 2109 pro
2544 2026 2670 2093 καί.
2765 2028 2960 2094 Alclb.
3005 2033 3086 2092 11.

499 2136 618 2195 151
663 2136 727 2197 C.
791 2131 959 2194 δοκῶ
1018 2127 1089 2194 δέ
1148 2151 1252 2213 μοι
1307 2123 1427 2195 ουίι
1481 2129 1542 2195 ἐν
1603 2128 1870 2197 ἐλάττονι
1925 2119 2187 2196 κλόδωνι
2245 2136 2357 2196 τοῦ
2415 2129 2715 2217 Κρέοντος
2774 2128 2927 2198 εἶναι
2988 2131 3090 2197 καὶ

495 2232 824 2318 βουλοίμην
890 2228 964 2297 ἂν
1033 2233 1373 2307 καλλίνικος
1433 2233 1713 2316 γενέσθαι
1752 2237 1875 2299 τῶν
1943 2239 2065 2301 σῶν
2133 2234 2422 2319 ἐραστῶν.
2533 2242 2601 2304 Ρ.
2668 2229 2742 2302 ἂν
2812 2259 2931 2302 om.
3002 2241 3088 2306 01.

497 2341 651 2406 Tub.
696 2340 902 2403 Scribe
944 2332 1082 2406 κᾶν.

671 2548 788 2608 Sed
835 2552 979 2609 satis
1027 2548 1098 2608 de
1144 2552 1333 2625 crasi;
1380 2566 1546 2608 usum
1580 2550 1703 2608 eius
1728 2549 2097 2609 Platonicum
2146 2549 2416 2627 exempla
2459 2569 2495 2607 a
2540 2566 2634 2609 me
2664 2550 2910 2610 collecta
2953 2567 3092 2628 pos-

494 2662 633 2714 sunt
680 2654 1111 2734 demonstrare3
1179 2656 1238 2715 in
1286 2655 1498 2733 quibus
1548 2653 1893 2730 colligendis
1937 2657 1986 2714 si
2034 2672 2130 2716 me
2173 2656 2324 2716 forto
2368 2654 2463 2716 hic
2505 2653 2625 2714 illic
2668 2653 2835 2716 locus
2880 2655 3094 2733 fugerit

497 2754 721 2840 (verbis
769 2757 1066 2820 Benseleri
1135 2760 1287 2819 libro
1356 2760 1427 2818 de
1488 2758 1653 2818 hiatu
1713 2761 2054 2836 praemissis
2101 2754 2298 2838 utor),
2367 2757 2752 2820 imbecillitati
2795 2758 3092 2821 humanae

496 2863 556 2924 id
603 2863 893 2925 condona.
984 2864 1156 2925 Nunc
1200 2873 1403 2942 aptum
1449 2873 1625 2941 esset,
1671 2862 1743 2923 de
1788 2864 2115 2941 aphaeresi,
2162 2864 2236 2923 de
2281 2863 2558 2940 elisione,
2608 2862 2681 2924 de
2724 2863 2888 2923 hiatu
2931 2862 3092 2922 deni·-

495 2986 609 3046 que
640 2968 796 3045 apud
828 2967 1136 3028 Platonem
1170 2968 1487 3045 disputare,
1534 2970 1646 3027 nisi
1688 2968 1797 3027 bas
1836 2986 1927 3028 res
1958 2968 2101 3027 mihi
2132 2970 2192 3028 in
2224 2967 2384 3029 aliud
2416 2977 2651 3046 tempus
2680 2981 3091 3028 reservassem.

504 3069 621 3131 Hic
668 3071 815 3131 duas
861 3073 1307 3133 observationes
1354 3072 1608 3147 proferre
1650 3072 1822 3132 libet:
1868 3072 2009 3131 Post
2044 3080 2468 3132 consonantem
2515 3073 2743 3158 ubique·
2778 3072 2895 3131 scre
2920 3069 3093 3129 Plato

500 3167 730 3236 ἐθέλειν
801 3175 1102 3252 adhibuit,
1171 3174 1258 3234 Cl.
1321 3175 1430 3235 bos
1476 3175 1640 3237 locos
1685 3175 1846 3234 solos
1914 3175 2312 3251 discrepantes
2370 3175 2585 3236 habet:
2661 3173 2839 3252 Apol.
2888 3176 2965 3232 41
3017 3174 3093 3233 A.

499 3265 793 3346 πολλάκις
837 3273 1020 3340 θέλω.
1088 3278 1339 3338 Phaedr.
1387 3281 1510 3339 249
1559 3280 1627 3340 Β.
1677 3266 1748 3338 ὃν
1795 3268 1869 3339 ἄν
1916 3272 2128 3360 θέληι;
2205 3281 2381 3338 etiam
2428 3289 2563 3357 post
2608 3278 2874 3338 vocalem
2921 3277 3101 3344 Plato,

501 3380 686 3440 multo
733 3384 969 3457 saepius
1016 3376 1242 3443 ἐθέλειν
1290 3378 1365 3461 (si
1413 3401 1446 3443 e
1488 3383 1681 3444 Clark.
1731 3380 2079 3443 concludere
2122 3376 2287 3460 licet)
2333 3381 2602 3442 adhibuit
2645 3399 2822 3458 quam
2866 3373 3099 3440 θέλεινε

501 3484 583 3545 Cl.
631 3485 722 3544 his
769 3483 912 3545 locis
956 3486 1222 3546 breviore
1267 3488 1458 3546 forma
1499 3504 1646 3548 usus
1690 3494 1817 3547 est:
1862 3485 2108 3550 Phaedo
2135 3489 2213 3546 77
2243 3485 2307 3546 G.
2353 3478 2407 3547 εἰ
2447 3481 2663 3546 θέλετε
2706 3482 2847 3545 ibid.
2877 3482 2996 3542 115
3023 3481 3094 3542 Β.

500 3579 581 3668 μὴ
636 3581 877 3669 θέλητε.
966 3588 1169 3667 Symp.
1223 3592 1345 3649 190
1388 3591 1465 3651 D.
1530 3581 1612 3670 μὴ
1674 3584 1955 3653 θέλωσιν.
2057 3589 2215 3649 Crito
2261 3590 2341 3648 45
2395 3591 2467 3649 A.
2527 3577 2567 3648 δ
2622 3582 2886 3648 θέλοοσι.
2977 3585 3097 3646 Res

499 3701 591 3752 est
636 3692 816 3753 dubia
860 3692 949 3751 his
993 3693 1167 3753 locis:
1214 3693 1466 3756 Phaedr.
1516 3695 1641 3753 230
1684 3693 1762 3756 D.
1807 3682 1981 3754 οόδὲν
2027 3687 2288 3773 μεθέλει.
2377 3691 2579 3770 Symp.
2619 3692 2737 3751 192
2771 3691 2841 3753 Ε.
2886 3684 3099 3751 ἐπιθυ-

500 3796 681 3876 μεῖτε,
726 3790 916 3860 θέλω.
1006 3797 1238 3858 Charm.
1292 3799 1409 3858 165
1459 3799 1528 3858 Β.
1573 3790 1641 3858 δὲ
1685 3790 1877 3859 θέλω.
1962 3797 2157 3860 Notae
2200 3795 2409 3856 Meieri
2453 3794 2568 3870 legi
2615 3790 2751 3873 (Op.
2784 3794 2813 3854 I
2857 3813 2915 3874 p.
2950 3790 3097 3873 171)

504 3899 888 3959 adversantur
931 3901 1079 3962 haec
1124 3902 1426 3979 exempla:
1473 3901 1719 3961 Theaet.
1748 3902 1865 3960 151
1892 3899 1969 3962 D.
2017 3888 2121 3961 ἐὰν
2166 3889 2314 3967 θεὸς
2357 3890 2562 3980 ἐθέλῃ.
2630 3899 2870 3960 Phaedo
2897 3901 2975 3960 69
2999 3898 3101 3973 D..

503 4006 587 4064 80
618 4003 695 4062 D.
756 4002 949 4066 Alcib.
985 4007 1104 4064 127
1156 4005 1224 4064 Ε.
1286 4036 1371 4049 -
1433 3985 1645 4064 Hiatus
1690 4006 1752 4063 in
1798 4003 2112 4063 Olarkiano
2157 4003 2343 4064 multo
2386 4006 2627 4081 saepius
2673 4002 2969 4063 admissus
3013 4011 3103 4063 est

499 4124 684 4183 quam
729 4109 797 4178 ln
840 4109 1056 4167 nostris
1101 4107 1457 4168 editionibus
1503 4125 1656 4184 quae
1723 4124 1817 4167 res
1877 4108 1937 4166 in
1991 4111 2329 4168 recensione
2373 4110 2570 4168 sutura
2612 4122 2733 4168 non
2779 4106 3103 4166 omittenda

505 4211 639 4286 erit,
702 4211 864 4287 quod
926 4225 1040 4269 uno
1085 4210 1351 4287 exemplo
1415 4209 1869 4271 demonstr-ahot
1930 4208 2114 4285 Gorg.
2158 4211 2281 4271 461
2319 4211 2383 4273 G.
2428 4229 2584 4272 nunc
2627 4210 2892 4272 scribunt
2933 4198 3104 4280 τοῦθ’

504 4299 574 4390 8;
618 4330 726 4390 pro
758 4314 971 4391 quibus
1003 4313 1090 4374 Cl.
1123 4313 1363 4374 tradidit
1390 4313 1592 4374 τοῦτο.
1657 4314 1816 4378 Luce
1862 4314 2076 4376 clarius
2122 4323 2212 4376 est
2239 4315 2609 4376 scribendum
2655 4331 2784 4375 esee
2827 4313 3003 4373 τοῦτο
3040 4300 3101 4375 δ’.

504 4416 668 4478 Idem
712 4420 922 4478 vitium
966 4416 1122 4478 Men.
1173 4421 1252 4482 74
1297 4418 1401 4495 D.;
1459 4419 1542 4480 ibi
1594 4418 1773 4480 τοῦτο
1819 4407 1858 4479 ὅ
1903 4429 2373 4498 repraesentant,
2431 4405 2551 4481 cur*
2578 4418 2749 4480 aliter
2793 4427 2979 4493 agunt
3043 4418 3102 4475 in

505 4521 778 4597 Gorgia?
827 4520 1049 4582 Eodem
1094 4522 1270 4583 modo
1316 4521 1609 4583 intercidit
1653 4510 1699 4583 ἃ
1739 4533 1879 4601 post
1918 4509 2120 4583 τᾶλλα
2166 4523 2304 4601 Lys.
2352 4525 2479 4584 220
2528 4524 2596 4585 Ε.
