3509 5375
584 469 670 551 {34

750 676 810 735 p.
857 659 978 717 302
1026 653 1105 717 A.
1146 641 1353 737 κάγιό,
1399 642 1527 738 ἤδη
1572 628 1688 735 γᾶρ
1736 641 1823 714 ὅτι
1866 647 1931 724 ἐξ
1977 634 2177 716 adu&
2222 622 2414 718 καλόν
2457 673 2512 716 τι
2539 625 2862 735 1οἷνιιιιιοίιιοι
2905 626 3003 736 [τό
3057 634 3180 712 miv

581 751 1012 842 ἐρωτημάτων]
1071 758 1174 821 καὶ
1233 778 1364 840 αμα
1426 743 1794 840 βουλόμενος
1851 747 1945 820 ὅτι
1999 747 2224 840 τάχιστ’
2283 752 2580 834 ἀκοῦσαι,
2649 751 2816 820 Πάνυ
2877 750 2983 837 μὲν
3046 741 3182 829 οὖν,

579 859 766 946 ἔφην,
831 883 1027 935 ουτως
1081 859 1228 944 ἔχει.
1340 864 1806 925 Colloeationem
1867 864 2284 922 enuntiationis
2347 861 2607 926 causalis
2664 870 2801 944 post
2853 877 3183 939 pronomen

581 955 888 1045 personale
932 969 1232 1029 illustrant
1275 968 1422 1029 haee
1468 964 1737 1045 exempla
1781 961 2125 1027 Platonica.
2173 966 2332 1029 Prot.
2378 985 2438 1044 p.
2487 970 2611 1027 31⁷
2659 967 2726 1029 C.
2770 960 2878 1028 καὶ
2923 949 3050 1043 ἐγώ
3091 999 3183 1012 -—-

581 1063 950 1133 υπωπτευσα
1007 1063 1118 1153 γὰρ
1180 1066 1501 1150 βούλεσθαι
1559 1060 1739 1136 αὸτόν
1785 1091 1871 1162 τῳ
1913 1089 1982 1131 τε
2023 1055 2305 1153 Προδίκῳ
2349 1064 2456 1132 καὶ
2497 1091 2583 1154 τῳ
2625 1054 2829 1162 Ἵππίᾳ
2872 1064 3185 1136 ἐνδείξασ-

579 1175 686 1237 θαι
742 1170 844 1238 καὶ
887 1170 1397 1238 καλλωπίσασθαι
1456 1195 1549 1236 οτι
1602 1168 1854 1256 ἐρασταὶ
1912 1164 2103 1236 αυτοῦ
2158 1168 2465 1262 ἀφιγμένοι
2524 1168 2728 1255 εἴημεν
2772 1209 2859 1220 —
2925 1167 3001 1233 Τί
3045 1190 3183 1252 ουν,

578 1275 732 1395 ἔφην
794 1266 952 1358 ἐγ,ω’,
1009 1297 1081 1340 ου
1127 1273 1232 1341 καὶ
1273 1268 1568 1360 Πρόδικον
1612 1272 1746 1341 καὶ
1752 1262 1985 1340 Ιππίαν
2032 1271 2438 1358 ἐκαλέσαμεν;
2500 1278 2643 1341 ibid.
2688 1296 2748 1395 p.
2795 1279 2919 1338 335
2958 1279 3029 1336 A.
3073 1270 3186 1338 καὶ

580 1367 704 1463 ἐγώ
754 1416 832 1427 -
878 1377 1108 1504 ἔγνῳν
1127 1400 1247 1462 γαρ
1309 1371 1399 1443 ὅτι
1444 1402 1557 1446 ουκ
1599 1371 1820 1466 ἤρεσεν
1869 1370 2052 1452 αυτὸς
2095 1366 2262 1472 αότῷ
2308 1383 2439 1449 ταῖς
2485 1370 2846 1466 ἀποκρίσεσι
2888 1382 3017 1450 ταῖς
3059 1376 3181 1461 ἔμ-

578 1486 845 1568 προσθεν
902 1481 1007 1548 καὶ
1068 1477 1162 1548 ὅτι
1220 1507 1334 1550 ουκ
1386 1477 1673 1569 ἐθελήσοι
1737 1479 1896 1550 ἑκων
1958 1478 2111 1550 εἶναι
2154 1442 2624 1569 ἀποκρινόμενος
2668 1481 3056 1568 διαλέγεσθαι
3099 1517 3185 1530 -

581 1576 963 1673 ἡγησάμενος
1023 1581 1221 1653 ουκέτι
1281 1584 1424 1674 ἒμον
1481 1588 1655 1673 ἔργον
1720 1584 1869 1654 εἶναι
1924 1592 2199 1672 παρεῖναι
2254 1586 2314 1652 ἐν
2371 1594 2502 1662 ταῖς
2563 1585 2936 1666 συνουσίαις,
2989 1578 3185 1656 Ἀλλοί

580 1715 672 1758 τοι
712 1691 864 1813 ἔφην
912 1716 964 1756 ω
1014 1686 1395 1777 Πρωταγόρα
1442 1686 1574 1757 ουδ’
1618 1688 1738 1777 ἐγω
1785 1697 2062 1777 λιπαρως
2104 1692 2255 1776 ἔχω.
2366 1697 2501 1770 Βίν.
2556 1698 2675 1756 135
2723 1696 2802 1760 D.
2844 1682 3037 1773 κᾶγιό,
3098 1688 3190 1753 ἔτι

581 1789 698 1879 γὰρ
736 1788 942 1860 αότου
981 1789 1360 1881 ημφεγνόουν
1390 1790 1491 1861 τὸν
1520 1788 1705 1881 λόγον
1749 1789 1845 1861 ὅτι
1888 1789 2176 1878 ἐβούλετο
2209 1784 2346 1879 Ap'
2390 1792 2584 1859 ἐννοω
2624 1793 2777 1879 ἔφην
2823 1790 2948 1878 οἷον
2979 1790 3187 1878 λεγεις

581 1895 681 1964 τόν
729 1892 1062 1984 φιλόσοφον
1126 1893 1338 1986 ανδρα.
1441 1904 1674 1968 Charm.
1700 1924 1780 1982 p.
1832 1907 1956 1992 151
2002 1904 2065 1966 G.
2128 1892 2250 1983 ἐγω
2298 1887 2412 1962 miv
2457 1887 2535 1946 —'-
2587 1918 2810 1984 ωμοσα
2850 1890 2966 1982 γὰρ
3014 1918 3180 1984 αυτῳ

581 2004 689 2070 καί
745 2028 847 2091 μοι
905 1999 1136 2090 ἀνάγκη
1180 2005 1627 2071 πείθεσθαι-
1671 2004 1953 2090 πείσομαι
2006 2025 2136 2069 ουν.
2224 2008 2365 2072 ibid.
2411 2026 2471 2088 p.
2523 2009 2643 2068 169
2691 2007 2764 2070 Β.
2828 2024 2903 2066 συ
2948 2023 3083 2080 ουν,
3130 2024 3182 2066 ω

582 2114 692 2175 παῖ
734 2109 1165 2195 Καλλαίσχρου
1214 2148 1292 2158 -
1340 2109 1576 2175 τίθεσαι
1629 2104 1746 2194 γὰρ
1793 2106 2190 2195 σωφροσύνην
2235 2100 2396 2174 τοῦτ’
2450 2103 2600 2172 εἶναι
2643 2098 2970 2194 ἐπιστήμην
3016 2104 3187 2171 ἐπισ-

452 2247 459 2256 ·
578 2206 771 2301 τήμης
813 2212 920 2280 καὶ
963 2210 1039 2299 δὴ
1083 2212 1187 2282 καὶ
1231 2212 1779 2301 ἀνεπιστημοσύνης
1818 2252 1903 2264 -
1948 2233 2194 2300 πρωτον
2239 2210 2345 2297 μὲν
2391 2214 2570 2288 τοῦτο
2615 2210 2868 2283 ἔνδειξαι
2924 2234 2981 2278 κ.
3024 2234 3077 2278 τ.
3125 2214 3183 2279 λ.

754 2342 814 2401 p.
847 2326 970 2383 302
1006 2323 1069 2384 C.
1116 2316 1245 2383 εἶτα
1288 2324 1413 2392 τοῖς
1458 2312 1668 2394 ἄλλοις
1708 2318 1831 2403 ἔφη
1874 2312 2216 2403 Ἀθηναίοις
2271 2309 2383 2381 οιῗκ
2426 2315 2552 2384 ἔστι
2592 2310 2739 2404 Zeti<
2801 2303 2839 2378 ὅ
2878 2319 3183 2408 πατρῷος.

587 2429 693 2489 Kr.
742 2429 845 2506 50,
896 2431 953 2501 7,
1008 2429 1085 2486 10
1131 2428 1245 2488 hoe
1289 2437 1669 2506 praeceptum
1712 2430 2050 2506 proposuit:
2115 2427 2353 2505 „Wenn
2414 2429 2521 2488 mit
2567 2426 2695 2490 dem
2742 2425 2970 2506 Namen
3015 2427 3184 2486 eines

591 2533 806 2593 Gottes
853 2533 945 2590 ein
990 2531 1319 2592 Beinamen
1368 2531 1674 2591 desselben
1723 2531 2061 2592 verbunden
2106 2530 2278 2608 wir-d,
2323 2549 2391 2591 so
2438 2530 2622 2607 pflegt
2665 2528 2767 2590 der
2813 2529 3042 2643 Affik‘ss
3087 2530 3184 2590 bei

584 2637 795 2700 beiden
841 2656 915 2698 zu
948 2637 1154 2699 stehen
1187 2636 1328 2699 oder
1372 2636 1465 2696 bei
1498 2637 1709 2698 beiden
1741 2655 1817 2697 zu
1849 2636 2077 2697 fehlen.
2122 2626 2270 2705 Ζευς
2315 2620 2540 2715 σωτήρ,
2587 2651 2618 2694 ο
2651 2623 2800 2703 Ζευς
2845 2651 2876 2693 ο
2912 2623 3181 2716 σωτήρέ

587 2746 660 2806 ef.
704 2743 1007 2803 Maetzner
1066 2741 1143 2801 ad
1189 2743 1442 2820 Lycurg.
1504 2760 1562 2819 p.
1611 2743 1754 2802 308.
1847 2741 2218 2821 Quamquam
2278 2741 2569 2801 interdum
2629 2739 2742 2801 hoe
2801 2746 3185 2817 praeceptum

583 2848 875 2926 violatur,
942 2857 1138 2908 tamen
1186 2849 1325 2925 quin
1371 2845 1546 2908 Plato
1608 2846 1667 2905 id
1714 2846 2032 2907 violaverit
2072 2863 2447 2922 summopere
2494 2844 2730 2921 dubito,
2797 2843 2857 2902 id
2906 2843 3065 2921 quod
3112 2860 3187 2902 ex

584 2953 674 3013 his
724 2947 1004 3030 exemplis
1052 2952 1274 3011 elucet:
1321 2952 1470 3029 Rep.
1503 2951 1615 3010 IX.
1650 2953 1773 3011 583
1803 2952 1876 3037 Β.
1921 2970 2007 3040 τῳ
2048 2940 2365 3038 Ὀλυμπίῳ
2408 2942 2519 3010 Διι.
2564 2948 2705 3008 ibid.
2738 2947 2907 3009 vm.
2942 2948 3066 3007 565
3104 2946 3182 3009 D.

581 3057 694 3119 τοῦ
750 3052 887 3126 Διὸς
942 3073 1049 3117 του
1092 3048 1384 3118 Λυκαίου.
1445 3054 1696 3114 Phaedr.
1760 3058 1882 3116 275
1947 3056 2018 3115 Β.
2075 3050 2336 3137 (Theag.
2399 3056 2517 3133 1121
2584 3055 2658 3112 A.
2714 3040 3018 3131 τοῦΔιος
3074 3067 3184 3110 του

585 3154 986 3242 ἐλευθερίου).
1097 3159 1176 3218 Iis
1241 3159 1502 3221 adducor
1561 3168 1629 3220 ut
1688 3167 1891 3221 nostro
1937 3158 2068 3220 loeo
2112 3159 2370 3220 scribam
2426 3145 2542 3219 ου’κ.
2582 3151 2737 3237 ἔστιν
2780 3152 2911 3236 (sio.
2959 3151 3183 3237 Clark.)

586 3255 821 3335 οΖευς
865 3258 903 3324 ὅ
943 3281 1244 3354 πατρῳος.

757 3390 817 3448 p.
879 3372 1003 3430 302
1066 3372 1136 3429 Ε.
1198 3367 1384 3430 θυσαι
1446 3368 1575 3458 θεῷ
1632 3356 1761 3457 ὅτῳ
1820 3386 1892 3429 αν
1952 3351 2163 3449 βοόλη.
2278 3366 2653 3443 Hirsehigius
2714 3376 2773 3428 et
2830 3365 3184 3429 Badhamus

582 3474 766 3538 θεων.
854 3478 936 3535 At
983 3474 1202 3553 cratyl.
1246 3494 1306 3551 p.
1355 3476 1479 3537 432
1530 3476 1603 3537 Α.
1668 3463 1830 3542 ὅστις
1873 3460 2083 3553 βοόλει
2129 3441 2322 3543 ἄλλος
2365 3461 2636 3553 ἀριθμός.
2747 3473 2840 3533 De
2881 3472 3186 3533 locutione

588 3584 660 3643 of.
705 3580 892 3640 Kratz
940 3580 1014 3640 ad
1064 3577 1246 3654 Gorg.
1291 3596 1352 3656 p.
1399 3578 1524 3639 517
1571 3578 1644 3642 Β.

758 3707 817 3764 p.
865 3687 987 3745 303
1035 3684 1105 3746 B.
1153 3677 1416 3745 ἐνταῦθα
1461 3677 1529 3742 δὲ
1576 3671 1782 3762 ὀλίγου
1826 3676 1930 3745 καὶ
1974 3677 2032 3745 οἱ
2074 3676 2275 3753 κίονες
2318 3677 2378 3744 οἱ
2421 3677 2484 3743 ἐν
2529 3680 2618 3771 τῷ
2657 3675 2902 3768 Λυκείῳ
2947 3666 3175 3760 ἐθορό-

587 3787 779 3870 βησαν
821 3779 969 3850 τ’ἐπὶ
1008 3787 1131 3849 τοῖν
1177 3780 1415 3867 ἀνδροῖν
1459 3781 1560 3849 καὶ
1603 3776 1907 3868 ἥσθησαν.
1984 3785 2552 3849 Sebaarsehmidtius
2598 3785 2713 3846 hae
2744 3787 3180 3865 prosopopoeia

588 3893 844 3953 offensus
892 3902 998 3953 est.
1087 3893 1207 3953 Sed
1252 3894 1470 3953 similia
1514 3892 1782 3973 exempla
1829 3892 2044 3977 ubique
2088 3894 2457 3970 reperiuntur
2501 3892 2576 3951 of.
2607 3890 2729 3950 Cio.
2759 3892 2821 3949 in
2854 3891 2976 3953 Pis.
3009 3893 3068 3951 9.
3093 3894 3171 3950 21

587 3998 807 4077 templa
850 4006 1111 4075 gemunt,
1156 4004 1310 4058 tecta
1342 3996 1570 4075 lugent.
1615 3996 1760 4061 ibid.
1808 3999 1909 4073 22,
1958 3997 2037 4056 52
2085 3997 2352 4073 moenia,
2400 4002 2573 4072 teoto,
2617 3994 2840 4071 templa
2882 3994 3178 4061 laetantur

589 4104 662 4164 ef.
709 4103 919 4167 Nauck
965 4102 1133 4165 Stud.
1180 4093 1446 4183 Euripid.
1491 4101 1573 4163 II.
1622 4104 1720 4171 24.
1831 4102 2065 4163 Acerba
2126 4103 2313 4165 irrisio
2361 4104 2513 4159 inest
2557 4102 2615 4159 in
2662 4099 2922 4163 Socratis
2970 4099 3184 4161 verbis.

761 4226 819 4285 p.
868 4208 1014 4271 303.
1060 4208 1131 4270 E.
1188 4223 1382 4266 ταυτα
1445 4222 1642 4279 ουτως
1702 4200 1834 4284 ἔχει
1893 4189 2026 4285 όμῖν
2072 4198 2176 4266 καὶ
2217 4221 2505 4284 τεχνικως
2549 4189 2879 4284 ἐξεόρηται.
2981 4203 3180 4263 Verba

590 4301 789 4381 οὕτως
830 4305 963 4392 ἔχει
1008 4303 1140 4392 υμῖν
1207 4328 1326 4370 non
1383 4309 1608 4370 babent
1670 4328 1880 4370 sanam
1947 4311 2522 4388 interpretationem,
2591 4305 2936 4369 Badhamus
2999 4310 3181 4384 igitur

592 4435 660 4477 ευ
712 4426 850 4479 ante
895 4413 1025 4495 ἔχει
1065 4419 1330 4478 inseruit.
1418 4415 1537 4476 Sed
1583 4416 1833 4477 sortasse
1873 4421 2141 4494 praestat
2183 4409 2311 4493 ἔχει
2352 4418 2415 4474 in
2459 4431 2527 4473 ευ
2577 4421 2825 4476 mutare.

761 4542 821 4601 p.
867 4524 988 4583 303
1037 4517 1106 4581 E.
1166 4537 1333 4585 ωστε
1388 4498 1543 4582 πάνυ
1604 4509 1793 4609 ὄλίγῳ
1836 4506 2041 4608 χρόνῳ
2103 4504 2360 4583 ὃντινουν
2426 4506 2497 4579 ἃν
2529 4517 2768 4597 μαθεῖν
2814 4502 3176 4596 ἀνθρώπων.

589 4626 828 4689 Nullum
887 4626 1217 4704 exemplum
1289 4626 1464 4686 huius
1523 4625 1768 4686 solitarii
1815 4627 2024 4697 dativi
2096 4625 2254 4706 apud
2313 4625 2623 4685 Platonem
2697 4622 2876 4682 novi·
2859 4661 2880 4700 ,
2951 4637 3179 4699 semper
3297 4658 3304 4663 -
