3509 5375
2837 532 2954 593 121

550 726 685 788 Riv.
740 726 859 788 138
907 724 981 788 A.
1044 729 1198 784 recte
1253 721 1434 782 edunt
1488 710 1630 787 τούς
1687 703 1991 799 χρηστοός
2033 707 2140 775 καὶ
2182 701 2535 796 μοχθηροός
2579 698 2960 791 ἀνθρώπους.

377 828 756 891 Clarkianum
799 830 985 889 secuti
1031 830 1209 887 etiam
1260 827 1379 886 137
1430 826 1497 887 E.
1545 823 1787 884 edemus
1832 811 1974 890 τοὰς
2015 807 2317 900 χρηστοός
2374 809 2480 878 καὶ
2523 806 2825 897 πονηροός
2864 805 2959 877 ἵπ·

377 950 529 1002 πους
575 938 634 993 et
676 922 821 1000 τούς
863 922 1165 1012 πονηροὺς
1204 925 1308 992 καὶ
1349 919 1651 1011 χρηστοός
1691 923 1915 1006 ,κβοῦςῧ
1959 958 2043 969 -

548 1038 775 1098 Phileb.
808 1039 887 1098 52
921 1038 989 1100 E.
1036 1030 1124 1098 ἴθι
1166 1025 1264 1117 δή,
1310 1029 1447 1115 περὶ
1485 1020 1723 1095 πάντων
1771 1020 1892 1092 ὅσα
1935 1019 2182 1109 καθαροὶ
2228 1023 2367 1109 γένη
2414 1020 2688 1105 λέγομεν,
2737 1010 2965 1088 οότωσὶ

379 1141 793 1224 διανοηθῶμεν
819 1160 834 1176 ·
878 1128 1274 1222 προελόμενοι
1336 1140 1577 1222 πρῶτον
1644 1133 1707 1198 ἕν
1751 1155 1808 1198 τι
1870 1132 2313 1215 διασκοπῶμεν.
2404 1131 2592 1193 Gaisf.
2650 1131 2960 1193 adnotavit

379 1248 613 1327 quidem
659 1251 717 1308 in
767 1247 852 1310 cl.
901 1254 1203 1308 exaratum
1250 1244 1395 1306 esse'
1429 1239 1491 1306 ἐν
1535 1239 1650 1304 τίσι
1692 1240 2030 1322 σκοπῶμεν,
2076 1247 2233 1301 tacet
2275 1255 2413 1299 vero
2461 1237 2534 1297 de
2580 1224 2779 1298 αὸταῖν
2826 1242 2963 1296 ante

376 1352 615 1434 πρῶτον
675 1355 735 1412 in
781 1350 870 1414 Cl.
917 1349 1137 1410 addito.
1245 1350 1379 1411 Hoc
1425 1337 1622 1411 αότῶν
1669 1346 2065 1409 reducendum
2109 1353 2230 1423 est3
2291 1351 2416 1405 tum
2463 1342 2663 1404 malim
2708 1339 2963 1405 scribere

379 1458 702 1539 σκοπῶμεν
748 1474 924 1539 quam
971 1452 1411 1536 διασκοπῶμεν.

1555 1622 1603 1712 9
1655 1623 1785 1693 er.

549 1772 638 1834 De
682 1775 912 1835 scholiis
945 1744 1317 1850 Clark-iactis,
1363 1776 1430 1830 ut
1472 1772 1594 1829 iam
1623 1785 1806 1846 supra
1849 1786 1910 1845 p.
1946 1768 2067 1828 108
2112 1765 2383 1844 diximus,
2428 1784 2547 1827 non
2590 1768 2736 1827 satis
2769 1766 2962 1828 edocti

383 1864 618 1957 sumus,
666 1896 798 1938 cum
843 1879 1095 1955 primum
1138 1893 1315 1953 saepe
1359 1877 1722 1950 nesciamus,
1769 1891 1911 1933 num
1955 1887 2158 1932 revera
2200 1869 2468 1932 scholion
2512 1870 2748 1948 aliquod
2781 1874 2838 1932 in
2872 1871 2958 1934 cl.

382 1991 555 2059 extet,
589 1983 796 2042 deinde
831 1983 903 2043 de
935 1981 1208 2042 manibus
1240 1998 1461 2056 eorum,
1510 1982 1611 2056 qui
1640 1977 1867 2039 scholia
1896 1980 2268 2054 scripserunt,
2313 1975 2489 2053 plane
2519 1978 2724 2036 incerti
2756 1977 2960 2038 simus.

552 2088 685 2148 Hoc
717 2086 994 2146 damnum
1042 2093 1107 2146 ut
1150 2086 1555 2161 resarciamus,
1616 2083 2126 2143 Hermannianum
2173 2079 2503 2158 exemplum
2549 2081 2735 2140 secuti
2782 2078 2964 2141 adno-

377 2200 567 2253 temus
603 2209 754 2269 quae
789 2191 1019 2251 scholia
1051 2189 1135 2250 01.
1167 2188 1388 2249 habeat
1433 2195 1492 2249 et
1521 2206 1771 2266 quarum
1791 2202 2084 2247 manuum
2129 2202 2199 2244 ea
2228 2186 2364 2245 sint.
2439 2185 2727 2244 Mannum
2758 2191 2964 2244 autem

383 2305 655 2358 accurate
702 2296 1128 2370 distinguemus
1175 2310 1277 2354 eas
1324 2310 1478 2370 quae
1523 2301 1662 2353 ante
1706 2308 1755 2351 e.
1800 2291 1944 2353 ΧΠ.
1991 2291 2351 2365 scripserunt
2395 2289 2471 2349 ab
2515 2291 2589 2349 iis
2635 2306 2787 2366 quae
2831 2296 2968 2367 post

380 2420 427 2463 s.
473 2400 621 2462 XII.
667 2402 1051 2477 scripserunt;
1108 2398 1242 2457 illas
1286 2404 1430 2457 nota
1474 2397 1561 2475 A,
1607 2397 1716 2456 has
1762 2404 1902 2456 nota
1945 2395 2003 2454 R
2035 2394 2533 2474 significabimus;
2576 2395 2760 2471 signis
2808 2393 2860 2453 A
2907 2402 2967 2454 et

380 2507 431 2566 R
462 2523 659 2565 rursus
697 2504 917 2564 indices
951 2503 1360 2579 adiungemus,
1408 2503 1623 2578 quibus
1655 2502 1920 2561 diversae
1950 2519 2159 2561 manus
2203 2502 2351 2559 inter
2397 2517 2461 2559 se
2507 2496 2965 2573 distinguantur.

374 2612 453 2668 A·
497 2614 664 2669 notat
707 2626 980 2687 manum,
1042 2625 1194 2685 quae
1253 2606 1532 2684 pleraque
1593 2606 1823 2667 scholia
1882 2606 2116 2683 scripsit
2160 2611 2336 2682 atque
2395 2621 2581 2682 prope
2628 2609 2693 2662 ut
2737 2601 2967 2663 videtur

370 2714 444 2773 ab
487 2720 678 2772 aetate
713 2714 932 2773 librarii
965 2713 1164 2788 abest3
1210 2715 1495 2789 scriptura
1526 2718 1721 2772 tamen
1755 2704 2112 2788 compendiis
2143 2709 2339 2769 multis
2376 2726 2484 2767 usa
2514 2727 2551 2767 a
2573 2715 2733 2768 textu
2759 2708 2967 2771 differt.

372 2818 431 2875 ln
460 2816 884 2894 Euthyphrone
914 2817 1087 2894 Apol.
1129 2816 1448 2876 Phaedone
1479 2833 1725 2893 quorum
1772 2814 1916 2875 folia
1960 2812 2200 2873 madore
2244 2820 2519 2889 corrupta
2562 2819 2733 2889 sunt,
2780 2811 2967 2872 multa

372 2920 598 2981 scholia
657 2919 830 2980 huius
874 2939 1083 2980 manus
1129 2920 1521 2995 redintegrata
1565 2926 1727 2996 sunt,
1786 2936 1968 2995 quare
2014 2916 2342 2978 cavendum
2384 2934 2459 2976 ne
2504 2915 2681 2976 aliam
2728 2934 2966 2976 manum

371 3031 737 3102 statuamus3
805 3031 1007 3085 notam
1051 3021 1128 3083 a*
1173 3024 1536 3101 adponemus
1585 3024 1682 3084 ubi
1730 3028 2126 3083 atramentum
2173 3030 2232 3082 et
2276 3024 2566 3099 scriptura
2609 3038 2966 3099 quamquam

371 3128 680 3206 paululum
731 3130 965 3189 diversa
1007 3138 1160 3205 sunt,
1209 3135 1403 3188 tamen
1436 3128 1773 3188 dubitamus
1818 3142 2038 3187 novam
2086 3143 2326 3187 manum
2370 3132 2664 3201 statuerc3
2705 3124 2883 3185 index
2925 3127 2963 3186 b

370 3227 595 3294 indicat
651 3251 892 3292 manum
937 3229 1178 3291 rubram
1227 3231 1559 3310 obliquam3
1607 3250 1637 3292 c
1683 3250 1840 3293 man.
1888 3231 2125 3291 rubram
2171 3231 2366 3290 minus
2413 3229 2776 3308 elegantem,
2824 3228 2897 3304 d,
2944 3229 2971 3288 f

364 3354 576 3398 manus
636 3337 731 3397 hic
775 3336 897 3397 illic
943 3337 1168 3396 obvias,
1214 3336 1427 3396 Manus
1476 3343 1735 3396 recentes
1782 3336 1872 3395 his
1918 3333 2204 3395 Indicibus
2250 3327 2714 3410 distinguemus:
2762 3353 2795 3393 z
2843 3336 2963 3410 sig·

368 3442 570 3503 nificat
608 3459 846 3501 manum
880 3460 1033 3517 quae
1064 3442 1381 3502 secundum
1409 3441 1593 3502 Gaisf.
1623 3460 1671 3503 s.
1691 3440 1870 3503 XIII.
1902 3446 2021 3516 est3
2067 3458 2104 3498 x
2135 3456 2372 3498 manum
2397 3437 2642 3498 viridem
2673 3440 2965 3498 minutam

370 3564 420 3610 s,
464 3544 608 3624 XV,
654 3563 705 3605 w
738 3544 960 3604 fulvam
990 3545 1382 3621 inelegantem
1416 3540 1601 3626 (saec.
1633 3542 1808 3625 XV),
1856 3562 1911 3621 u,
1956 3562 1997 3603 v
2041 3523 2250 3603 manus
2280 3543 2473 3603 rarius
2505 3550 2887 3603 occurrentes.

546 3681 1043 3764 Euthsyphmo
1087 3704 1168 3747 m.
1211 3680 1402 3766 A·1),
1457 3685 1559 3745 12¹.
1646 3682 1906 3760 Scholia,
1952 3700 2103 3761 quae
2147 3681 2348 3741 Herm.
2393 3689 2536 3742 nota
2567 3682 2619 3743 O
2663 3683 2965 3757 instruxit,

373 3791 574 3846 omnia
606 3787 682 3847 ad
725 3791 808 3847 A²
858 3788 1160 3848 referenda
1212 3805 1342 3849 esse
1390 3789 1692 3864 videntur3
1753 3805 1954 3848 eornm
2001 3805 2153 3865 quae
2195 3786 2493 3850 Ruhnken
2540 3786 2722 3847 edidit
2789 3787 2965 3848 etiam

372 3892 434 3949 in
471 3891 785 3952 Clarkiano
833 3900 1035 3953 extant
1076 3892 1200 3957 sch.
1247 3891 1324 3952 ad
1376 3896 1452 3952 12
1489 3893 1560 3954 Α.
1605 3881 1945 3975 θ’ἕρξαντα]
1991 3908 2083 3974 γρ.
2129 3886 2457 3973 στέρξαντα
2502 3890 2662 3970 quod
2707 3893 2961 3953 fortasse

369 3995 554 4070 ipsius
604 3993 852 4056 Joannis
899 4005 1017 4074 est,
1063 3997 1187 4059 sch.
1236 3997 1312 4056 ad
1359 4000 1395 4058 3
1446 3998 1500 4056 A
1547 3974 1857 4079 ἀφ”ἑστίας
1902 4005 1960 4058 et
2005 3994 2081 4056 ad
2132 3999 2209 4055 12
2259 3997 2331 4055 A.
2372 3988 2614 4078 ἵναπερ]
2671 3989 2964 4076 παροιμία

371 4091 471 4160 ἐπὶ
519 4098 638 4160 τοῖν
688 4134 760 4146 -
826 4096 1107 4183 Κυπρίων
1168 4120 1320 4180 quae
1377 4105 1645 4181 profecta
1687 4109 1827 4163 sunt
1871 4121 1909 4161 a
1952 4097 2129 4183 12¹²).
2221 4100 2571 4162 Accuratius
2619 4101 2692 4162 de
2737 4101 2961 4163 scholio

505 4339 554 4410 ¹)
588 4337 696 4395 Sed
739 4339 1266 4394 animadvertendum
1311 4341 1513 4396 scholia
1557 4340 1660 4395 hac
1705 4346 1835 4394 nota
1881 4341 2117 4395 iudicata
2149 4342 2432 4394 maximam
2465 4346 2669 4407 partem
2702 4347 2962 4397 renovat·

366 4446 554 4585 mma)
592 4517 678 4570 Ab
713 4515 899 4568 eadem
944 4532 1105 4569 manu
1151 4518 1258 4570 sch.
1294 4518 1364 4570 ad
1400 4517 1432 4572 5
1467 4517 1511 4568 B
1541 4555 1556 4583 ,
1604 4510 1770 4587 ὀρθῶς
1801 4513 2031 4588 νομίζειν,
2080 4512 2165 4587 ip}
2210 4507 2357 4592 ἡγοῦ]
2393 4513 2442 4568 ἄν
2478 4507 2614 4570 α’λλω
2665 4513 2747 4567 καὶ
2798 4508 2966 4589 ὀρθῶς

369 4600 569 4674 νομίζιιν
622 4597 702 4655 καὶ
754 4598 839 4673 ἐμὲ
873 4594 1000 4675 ἡγοῦ
1031 4597 1110 4655 καὶ
1147 4594 1233 4678 μή.
1311 4605 1432 4657 Non
1466 4621 1673 4657 omnem
1707 4604 1995 4658 lectionum
2028 4604 2343 4658 varietatem
2378 4603 2609 4673 margini
2643 4603 2961 4671 adscriptam

373 4690 539 4746 Gaias.
577 4691 755 4756 dedit3
791 4690 1016 4744 fortasse
1048 4689 1155 4744 elio
1189 4690 1306 4745 loco
1343 4707 1460 4745 eam
1493 4689 1870 4761 supplebimus.
