3509 5375
2810 481 2934 547 133

338 679 495 722 man.
541 679 597 724 a.
643 661 842 737 posuit
884 661 943 719 in
975 672 1091 737 mg.
1129 658 1228 721 01.ι
1259 656 1385 718 τῶν
1424 650 1724 739 μεγίστων
1765 658 1978 719 κακῶν
2019 650 2189 723 εἶναι.
2256 659 2326 719 Β.
2350 656 2437 719 St.
2459 659 2598 723 Tur.
2624 659 2733 722 Hr.
2776 678 2938 738 spre-

339 773 553 827 verunt
594 765 1035 843 superlativum,
1080 781 1200 824 non
1243 769 1588 843 spteverunt
1631 763 1876 824 verbum
1919 762 2360 825 substantivum
2377 807 2397 840 ‚
2442 763 2502 824 id
2547 763 2708 842 quod
2749 780 2932 840 aegre

336 874 459 932 fero
470 890 495 950 3
534 888 675 931 nam
716 885 926 946 graece
965 875 1159 946 petest
1200 869 1313 928 dici
1359 860 1621 948 ἡγοῦμαι
1658 857 1764 927 τόν
1808 854 2073 930 θάνατον
2103 870 2236 930 τῶν
2281 856 2562 950 μεγάλων
2605 869 2816 930 κακῶν
2863 873 2936 933 cf.

338 975 447 1040 Κι.
491 978 528 1046 §
560 976 662 1049 47,
711 973 852 1049 9,.3
897 959 1104 1034 Σόλων
1144 969 1266 1032 τῶν
1310 960 1487 1031 §meir
1509 969 1820 1051 σοφιστῶν
1862 960 2095 1054 ἐκλήθη
2136 962 2231 1042 Ἷς.
2317 962 2466 1053 Ἐμὲ
2508 966 2620 1041 θὲς
2663 971 2786 1034 τῶν
2830 991 2935 1034 πε-

336 1071 687 1159 πεισμένων.
731 1074 844 1138 H).-
891 1071 1064 1157 (Rep.
1112 1077 1173 1135 4.
1219 1077 1346 1135 424
1391 1071 1482 1157 0.)
1570 1072 1969 1153 Compei-abis
2014 1081 2195 1137 etiam
2239 1075 2345 1139 Kr.
2395 1080 2497 1153 47,
2548 1078 2603 1154 6,
2657 1080 2753 1137 1-1.
2802 1066 2937 1138 Οόκ
3049 1082 3054 1087 ’

337 1176 667 1263 ἐλευθέρου
714 1174 917 1261 φέρειν
958 1165 1240 1259 νενόμικα
1296 1178 1702 1240 κοινωνοῦσαν
1759 1163 1984 1260 ἡδονὴν
2047 1170 2233 1261 ὕβρει.
2289 1175 2402 1242 Me.
2451 1168 2538 1240 Τὸ
2583 1171 2661 1241 τοὶ
2707 1172 2933 1262 αἰσχροὶ

335 1272 541 1349 εἰδότα
585 1273 976 1362 εὸλαβεῖσθαι
1018 1281 1223 1362 σοφοῦ
1257 1299 1327 1342 τε
1367 1275 1474 1344 καὶ
1521 1270 1846 1364 σώφρονος
1887 1279 2113 1364 ἔκρινεν
2158 1282 2253 1345 Ξε.
2347 1284 2734 1362 Interpolatio
2779 1288 2933 1345 eius-

343 1392 477 1451 dem
520 1391 753 1471 generis
797 1388 877 1447 ab
921 1387 1264 1448 Hermanno
1304 1394 1537 1448 remota
1580 1394 1674 1447 est
1719 1387 2048 1464 Enthyphr.
2098 1391 2138 1447 4
2183 1389 2310 1448 ΑΒ.
2373 1377 2449 1448 ου’
2491 1377 2606 1470 γὰρ
2655 1382 2827 1469 οἶμαί
2867 1407 2938 1468 γε

341 1494 455 1556 τοῦ
494 1479 881 1572 ἐπιτυχόντος
923 1483 1075 1552 εἶναι
1102 1480 1324 1571 ὀρθῶς
1362 1479 1513 1552 adacei
1559 1489 1804 1570 πρᾶξαι.
1880 1491 2060 1553 Verb.
2106 1483 2257 1553 εἶναι
2299 1509 2415 1552 οιιι.
2445 1492 2533 1554 01.
2563 1493 2716 1555 Tub.
2766 1497 2935 1597 omis.

342 1601 529 1675 igitur
558 1604 717 1658 recte
744 1595 887 1672 Hr.3
927 1596 1032 1656 sed
1064 1594 1214 1655 falso
1244 1595 1585 1656 adnotavit.
1626 1594 1852 1672 supple
1880 1589 2024 1655 ἔστι.
2089 1594 2250 1655 Nihil
2280 1604 2370 1657 est
2412 1597 2824 1674 supplendum.
2853 1633 2940 1644 --

254 1710 257 1719 '
342 1704 422 1763 78
472 1702 579 1765 E.-
614 1700 715 1760 ubi
780 1701 995 1759 unitati
1059 1697 1327 1759 idearum
1392 1715 1583 1758 rerum
1653 1715 2068 1775 corporearum
2127 1699 2444 1760 multitudo
2489 1707 2548 1760 et
2591 1701 2932 1822 qualitates,

339 1823 588 1884 quarum
631 1805 946 1882 participes
1003 1802 1129 1864 fieri
1172 1809 1452 1879 possunt,
1520 1809 1917 1881 opponuntur,
1975 1780 2260 1879 legimus·
2326 1787 2459 1884 ἆρα
2518 1795 2677 1865 κατὰ
2737 1794 2932 1866 ταυτοὶ

337 1906 470 1989 ἔχει
522 1897 567 1991 ἦ
625 1907 743 1968 πᾶν
799 1894 1140 1968 τουναντίον
1201 1900 1451 1974 ἐκείνοις
1509 1894 1657 1966 οὔτε
1710 1893 1887 1966 atico}
1932 1891 2139 1975 αυτοῖς
2196 1924 2344 1968 ουτε
2403 1892 2696 1987 ἀλλήλοις
2738 1897 2936 1968 ου’δὲ-
3033 1898 3036 1905 ’

338 2031 490 2075 ποτε
548 2030 636 2081 ως
690 2005 838 2080 ἔπος
896 2002 1080 2073 εἰπεῖν
1133 1997 1425 2089 ου’δαμιιῖς
1465 2000 1626 2071 κατὰ
1669 1997 1865 2075 ταυτά
1917 2004 2101 2087 ἐστινς
2169 2000 2388 2080 Ουτως
2436 2027 2517 2069 au
2570 2004 2694 2091 ἔφη
2745 2029 2940 2073 ταυτα

340 2103 379 2178 ὅ
421 2111 653 2198 Κέβης·
713 2103 1009 2179 odotem
1075 2098 1373 2182 ὦσαότως
1428 2108 1573 2193 ἔχει.
1685 2114 1881 2175 Locus
1935 2115 2287 2190 gravissime
2347 2107 2759 2191 interpolatus.
2863 2117 2936 2176 In

343 2221 430 2283 01.
472 2227 635 2281 extat
675 2213 782 2281 καὶ
821 2237 1005 2298 supra
1046 2213 1317 2293 ἐκείνοις,
1360 2236 1466 2281 πω
1504 2236 1686 2298 supra
1714 2206 2040 2290 οιῗδέποτε,
2087 2212 2244 2280 ἐστιν
2288 2226 2469 2297 supra
2511 2209 2671 2280 κατὰ
2713 2208 2935 2297 ταιῗτάς

343 2311 428 2386 αὖ
469 2342 650 2402 supra
693 2313 925 2401 ofi'vmc3
969 2323 1165 2385 ταῦτα
1210 2322 1462 2400 denique
1506 2325 1563 2382 ln
1609 2338 1730 2398 mg.
1775 2324 2074 2407 reperitur.
2163 2322 2335 2383 Haec
2377 2324 2578 2382 omnia
2620 2340 2740 2383 om.
2786 2327 2936 2401 opti-

338 2447 471 2491 mus
511 2428 657 2489 liber
699 2428 858 2489 Tub.
899 2431 1088 2504 isque,
1133 2430 1234 2504 qui
1281 2426 1665 2487 Phaedonem
1708 2426 1863 2502 edet,
1910 2444 1944 2486 e
1990 2432 2153 2487 textu
2200 2427 2486 2505 expellet3
2546 2445 2740 2505 neque
2782 2433 2937 2489 enim

339 2533 490 2594 haec
520 2533 704 2593 verba
734 2540 872 2593 sunt
895 2532 1186 2609 Platonis,
1233 2525 1387 2592 ἐστιν
1426 2530 1527 2592 hic
1570 2546 1813 2608 prorsus
1843 2548 2368 2608 supervacaneum,
2412 2549 2548 2590 cum
2587 2527 2721 2612 ἔχει
2761 2537 2942 2593 etiam

342 2640 401 2698 in
447 2638 633 2699 altero
677 2637 940 2700 membro
986 2638 1063 2698 sit
1106 2635 1518 2715 supplendum.
1607 2637 1682 2699 cf.
1729 2652 1911 2714 supra
1953 2654 2013 2715 p.
2062 2638 2143 2697 78
2192 2635 2295 2712 0.,
2360 2636 2442 2697 78
2486 2636 2585 2712 D.‚
2632 2636 2732 2697 ubi
2773 2631 2935 2716 ἔχειν

342 2742 501 2818 quod
567 2742 682 2802 hac
738 2743 801 2801 in
860 2759 924 2802 re
967 2740 1212 2801 verbum
1255 2743 1557 2817 proprium
1613 2756 1740 2800 esse
1788 2740 2023 2800 videtur
2083 2736 2181 2821 (cf.
2227 2738 2594 2822 responsum)
2654 2744 2796 2802 item
2857 2742 2940 2802 le-

339 2848 501 2921 genti
547 2844 944 2922 supplendum
987 2851 1112 2920 est3
1174 2832 1572 2904 οὸδεπιέποτε
1615 2860 1860 2922 prorsus
1906 2845 2167 2904 alienum
2213 2852 2305 2905 est
2348 2864 2388 2904 a
2428 2840 2604 2918 loco,
2668 2844 2728 2903 id
2773 2844 2936 2920 quod

342 2965 687 3025 responsum
733 2950 930 3025 ipsum
970 2948 1219 3024 probat3
1264 2936 1464 3016 οὕτως
1507 2941 1629 3027 ἔφη
1675 2947 1851 3007 Plato
1897 2947 2045 3024 Rep.
2090 2948 2166 3008 V.
2214 2951 2339 3008 472
2385 2948 2453 3011 0.
2500 2950 2719 3026 pariter
2765 2948 2936 3007 adhi-

339 3053 499 3129 buit3
561 3051 754 3114 ταῦτα
810 3053 1066 3112 maxime
1123 3054 1583 3128 inopportunum
1644 3069 1778 3112 esse
1834 3052 1982 3112 beno
2026 3055 2212 3113 sensit
2255 3052 2561 3116 Heindorf.
2605 3045 2720 3114 καὶ
2756 3054 2943 3113 intru-

339 3175 471 3218 eum
516 3164 657 3217 ante
699 3173 846 3218 ουτε
886 3173 1077 3234 neque
1122 3155 1381 3217 defendit
1425 3173 1617 3234 neque
1661 3156 1938 3217 defendet
1981 3161 2312 3235 qnisquam.
2368 3191 2453 3203 --
2516 3158 2597 3219 75
2643 3158 2721 3217 D.
2765 3174 2931 3218 ωστε

340 3250 663 3339 αναγκαῖον
721 3246 863 3342 ἡμῖν
916 3253 1075 3323 εἶναι
1129 3250 1357 3321 τούτων
1419 3244 1703 3322 ἁπάντων
1761 3250 1872 3329 τοὶς
1931 3250 2264 3350 ἐπιστήμας
2317 3252 2440 3340 προ
2493 3261 2605 3321 τοῦ
2660 3255 2944 3341 γενέσθαι

336 3358 664 3447 ειληφὲναι.
752 3365 827 3426 Ιιι
872 3365 958 3427 01.
1018 3365 1431 3443 compendium
1471 3366 1636 3426 verbi
1686 3358 1843 3426 εἶναι
1880 3383 2062 3442 eupta
2103 3366 2420 3443 scriptum3
2467 3384 2504 3425 a
2549 3365 2726 3425 Tub.
2746 3365 2933 3426 abest.

337 3471 478 3534 Jam
523 3472 799 3551 Bywater
845 3471 992 3530 vidit
1034 3469 1152 3531 boc
1193 3469 1440 3529 verbum
1486 3487 1618 3529 esse
1663 3470 2071 3531 omittendum.

516 3577 879 3636 Pronomina
933 3592 970 3633 a
1027 3573 1280 3634 librariis
1324 3575 1672 3651 saepissime
1711 3575 1949 3635 invecta
1993 3591 2123 3646 esse
2169 3592 2300 3634 cum
2349 3574 2465 3634 alio
2510 3575 2644 3635 loco
2691 3574 2932 3633 demon-

337 3682 645 3741 straverim
678 3687 802 3738 tum
831 3678 927 3739 hic
951 3677 1365 3742 demonstrabo
1393 3676 1540 3739 locis
1572 3677 1969 3757 compluribus
2004 3698 2035 3740 e
2059 3678 2385 3740 Phaedone
2412 3677 2713 3739 collectis.
2756 3678 2930 3740 601).

341 3777 395 3844 εἴ
457 3800 565 3843 ουν
624 3776 681 3842 τί
740 3800 836 3843 σοι
893 3775 1063 3863 μέλει
1117 3781 1231 3843 τοῦ
1285 3775 1442 3864 ἔχειν
1486 3775 1598 3863 ἐμὲ
1642 3770 1862 3873 Εόηνῴ
1906 3771 2376 3862 ἀποκρίνασθαι,
2441 3798 2592 3842 οταν
2637 3799 2712 3861 με
2758 3766 2938 3851 αυθις

345 3881 586 3978 ἐρωτᾶ,
630 3881 759 3947 εἰπέ
800 3882 860 3947 τί
890 3870 1010 3968 χρή
1057 3905 1134 3968 με
1175 3882 1386 3965 λέγειν.
1454 3887 1522 3950 1n
1569 3887 1659 3953 01.
1702 3905 1783 3950 ιιι.
1831 3907 1887 3947 a.
1948 3906 2127 3966 supra
2171 3905 2285 3949 scr.
2330 3904 2428 3967 με.
2473 3904 2570 3946 om
2615 3885 2946 3947 Tub.1ure

352 3990 571 4056 Heind.
599 4008 924 4068 pronomen
968 4010 1089 4053 non
1119 3993 1387 4069 admisit3
1434 4011 1573 4052 nam
1620 3990 1695 4052 de
1724 3993 1993 4054 subiecto
2026 3992 2317 4054 dubitatio
2365 4008 2484 4051 non
2529 3996 2727 4069 potest
2757 3993 2939 4063 nasci,

355 4113 428 4156 ac
457 4093 670 4156 Graeci
715 4096 776 4154 in
821 4093 937 4155 hac
979 4094 1272 4155 locutione
1314 4113 1641 4172 pronomen
1669 4096 1926 4176 suppleri
1952 4097 2182 4156 *malunt
2215 4114 2393 4173 quam
2422 4097 2565 4174 poni
2597 4095 2670 4158 of.
2708 4096 2828 4152 117
2864 4093 2939 4151 A.

341 4216 416 4260 συ
466 4191 580 4280 γὰρ
611 4184 835 4262 τούτων
867 4195 1177 4280 (Soctates
1206 4195 1490 4280 loquitur)
1536 4187 1896 4280 ἐπιστήμων,
1940 4195 1998 4259 τί
2026 4192 2146 4281 χρὴ
2178 4202 2384 4261 ποιεῖν.
2431 4197 2687 4276 Euthyd.
2712 4198 2834 4257 306
2862 4198 2940 4262 D.

341 4295 449 4366 καὶ
490 4294 607 4385 μὴν
652 4294 756 4364 καὶ
802 4289 984 4371 αυτός
1025 4296 1162 4383 περὶ
1203 4303 1324 4361 τῶν
1372 4295 1546 4364 υἱέων
1596 4297 1657 4362 ἐν
1706 4292 1932 4395 απορίᾳ
1974 4297 2124 4386 εἰμι’,
2178 4298 2239 4364 τί
2281 4301 2373 4364 δεῖ
2417 4292 2622 4373 αότοῖς
2663 4293 2941 4383 χρήσασ-

341 4409 466 4471 θαι.
553 4407 900 4486 Euthyphro
946 4410 988 4465 4
1031 4407 1109 4469 D.
1172 4390 1209 4466 ὅ
1251 4397 1452 4487 πατὴρ
1498 4399 1715 4487 πέμπει
1758 4406 1941 4489 δευρο
1988 4397 2183 4489 ανδρα
2225 4397 2593 4488 πευσόμενον
2637 4424 2745 4467 του
2797 4400 2938 4487 ἐξη-

339 4514 527 4595 γητοῦ
570 4501 667 4574 ὅτι
707 4500 828 4593 χρὴ
876 4513 1084 4573 ποιεῖν.
1133 4544 1210 4556 -
1272 4515 1351 4574 66
1399 4513 1463 4575 0.
1507 4504 1613 4572 καὶ
1654 4503 1768 4593 γὰρ
1812 4507 2121 4593 πολέμους
2164 4506 2266 4573 καὶ
2310 4495 2546 4582 στάσεις
2587 4505 2691 4573 καὶ
2733 4500 2936 4591 μάχας

270 4587 301 4618 ’
341 4605 517 4680 οὐδὲν
564 4606 723 4680 ἄλλο
751 4603 1097 4699 παρέχει*
1047 4635 1088 4701 η
1135 4607 1204 4678 τὸ
1236 4615 1415 4697 σῶμα
1456 4610 1562 4679 καὶ
1604 4609 1670 4678 αἱ
1709 4603 1931 4681 τοότου
1975 4610 2318 4700 ἐπιθυμίαι·
2360 4607 2460 4678 διὰ
2504 4607 2623 4698 γὰρ
2665 4607 2774 4701 τὴν
2816 4616 2937 4680 ταῖν
