3509 5375
2826 514 2948 584 ns

529 700 748 764 Nostra
810 692 1061 780 denique
1120 692 1408 762 memoria
1469 698 1543 761 O.
1585 687 1820 761 Jahnus
1879 714 2011 761 eam
2047 696 2126 795 ⁸in
2172 698 2488 777 Symposio
2544 698 2701 775 typis
2759 699 2950 775 expri-

348 807 632 868 mendam
679 808 924 869 curavit.

534 928 1034 1006 subscriptionem
1082 930 1378 1005 excipiunt
1423 934 1771 988 ornamenta
1800 926 2126 1004 quaedam3
2174 924 2382 986 deinde
2425 933 2754 1003 sequnntur
2799 924 2949 983 haec

360 1035 480 1111 „ab
543 1033 751 1093 eadem
807 1050 1021 1110 manu,
1093 1031 1197 1092 sed
1259 1030 1463 1109 paullo
1523 1030 1916 1108 negligentius
1972 1038 2032 1089 et
2091 1031 2313 1090 dierum
2361 1030 2590 1108 aliquot
2633 1025 2947 1091 intervallo

347 1136 611 1215 scripta“
637 1133 700 1219 1)
744 1137 926 1196 verba
972 1137 1186 1214 quibus
1230 1135 1503 1195 librarius
1548 1152 1717 1194 suam
1763 1152 1829 1194 se
1874 1132 2206 1194 mercedem
2250 1135 2553 1211 accepisse
2598 1134 2771 1193 dicit:

770 1240 920 1335 εδοθ

830 1380 1195 1478 υπογραφῆς
1236 1356 1349 1458 1&st
1390 1393 1475 1457 11¹
1491 1393 1548 1479 ²)
1592 1441 1609 1459 .
1659 1380 1819 1476 οἷμήν

348 1508 387 1567 i.
438 1522 487 1564 e.
532 1491 722 1584 ἐδόθη
769 1493 1125 1583 ὄπογραφῆς
1167 1496 1505 1582 νομίσματα
1550 1519 1620 1578 ιγ.
1666 1485 1845 1581 α’μήν.

522 1625 770 1685 Adiecta
828 1631 967 1682 sunt
1023 1641 1126 1683 sex
1183 1623 1323 1684 folia
1383 1623 1760 1684 membranea
1818 1639 2067 1699 quorum
2128 1623 2240 1679 tria
2312 1620 2586 1680 manibus
2648 1619 2944 1696 inelegan-

358 1732 598 1790 tissimis
659 1727 886 1806 polluta
943 1734 1110 1804 sunt,
1172 1730 1232 1786 in
1279 1744 1481 1787 eorum
1526 1725 1790 1787 secundo
1835 1725 2012 1784 index
2059 1723 2430 1800 dialogorum
2476 1727 2790 1801 inscriptus
2834 1733 2946 1798 est,

354 1839 414 1896 in
476 1836 649 1895 tertio
710 1831 1199 1910 deprehendimus
1259 1831 1517 1908 glossam
1565 1830 1643 1890 ad
1687 1829 2067 1908 proverbium
2111 1821 2388 1908 πολέμου
2430 1821 2539 1889 καὶ
2579 1817 2783 1910 μάχης
2824 1819 2946 1908 χρὴ

352 1922 820 2020 μεταλαγχάνειν
866 1936 1024 2014 quod
1071 1937 1132 1995 in
1176 1937 1344 1996 initio
1391 1933 1653 2011 Gorgiae
1696 1934 1931 2010 legitur.

523 2057 694 2120 Folia
767 2060 829 2118 in
899 2057 1110 2135 quibus
1169 2056 1437 2116 Platonis
1512 2050 1735 2131 dialogi
1814 2057 2075 2133 inscripti
2141 2061 2278 2115 sunt
2335 2056 2387 2114 si
2457 2048 2732 2114 numeras
2796 2053 2947 2132 sola,

350 2165 539 2226 codex
583 2169 819 2223 constat
862 2179 936 2221 ex
980 2161 1410 2238 quinquaginta
1454 2157 1684 2220 duobus
1737 2159 2222 2236 quaternionibus
2268 2166 2328 2217 et
2371 2157 2648 2235 dimidio;
2724 2157 2944 2235 singuli

358 2265 768 2347 quaterniones
813 2266 1106 2327 numerati
1150 2273 1321 2342 sunt;
1365 2282 1737 2325 numerorum
1786 2272 2002 2343 autem,
2050 2266 2151 2341 qui
2194 2260 2566 2340 singulorum
2610 2263 2947 2342 quaternio-

349 2392 488 2433 num
549 2374 776 2451 primae
831 2371 1036 2450 pagini
1094 2387 1275 2447 supra
1330 2370 1553 2447 adpicti
1613 2378 1785 2449 sunt,
1850 2369 1952 2429 alii
2012 2376 2408 2446 evanuerunt,
2472 2367 2577 2427 alii
2633 2367 2947 2444 perierunt.

348 2479 645 2537 Porsonus
689 2477 939 2537 indicem
987 2477 1436 2553 quaternionum
1484 2475 1734 2537 confecit
1781 2473 2151 2550 dialogisque
2194 2473 2536 2551 praemisit3
2583 2474 2643 2530 in
2690 2487 2798 2549 eo,
2845 2473 2945 2547 qui

345 2584 574 2643 'numeri
625 2581 1113 2660 quaternionibus
1175 2579 1422 2659 desunt,
1490 2598 1591 2641 eos
1635 2578 1871 2657 scripsit
1918 2581 2093 2656 nigro
2145 2576 2359 2653 colore,
2430 2594 2533 2637 eos
2579 2577 2679 2653 qui
2725 2577 2946 2634 servati

348 2695 502 2766 sunt,
546 2687 742 2746 rubro.
830 2685 1000 2748 Folia
1030 2684 1308 2748 Gaisford
1353 2703 1473 2746 non
1520 2694 1676 2747 recte
1723 2685 1873 2745 dixit
1918 2703 2049 2745 esse
2096 2683 2258 2757 4185
2303 2701 2444 2743 nam
2490 2681 2776 2741 habemus
2826 2679 2943 2757 pri·

349 2808 508 2850 mum
555 2791 657 2853 fol.
697 2794 814 2850 111
866 2798 925 2850 et
967 2791 1066 2849 fol.
1106 2790 1284 2868 lus,
1329 2789 1539 2850 deinde
1584 2790 1683 2850 fol.
1718 2791 1845 2850 418
1894 2796 1951 2848 et
1996 2785 2194 2865 418¹*3
2240 2788 2387 2847 haec
2431 2787 2609 2862 igitur
2639 2783 2754 2844 duo
2800 2783 2946 2843 folia

351 2894 627 2954 addenda
669 2902 806 2955 sunt
848 2894 1004 2954 foliis
1034 2896 1183 2954 418.
1270 2894 1453 2955 Foliis
1498 2894 1706 2955 rubros
1752 2910 2029 2953 numeros
2077 2893 2327 2969 apponit
2367 2907 2582 2950 manus
2628 2888 2943 2964 elegantis·

349 2999 501 3057 sima
523 2998 806 3076 Porsoni3
851 2998 1007 3057 idem
1029 3000 1095 3057 in
1129 2997 1380 3078 dialogis
1404 2998 1681 3075 Menone,
1719 2997 1960 3074 Gorgia,
1993 2996 2339 3074 Protagora,
2369 2994 2532 3073 Lysi,
2578 2993 2942 3072 Hipparcho,

350 3101 716 3179 Parmenide,
762 3100 1198 3181 Euthyphrone,
1247 3102 1542 3181 Apologia
1588 3101 1840 3164 Aldinae
1884 3103 2136 3178 paginas
2181 3100 2432 3176 margini
2477 3097 2724 3157 addidit.

526 3223 989 3301 Quaternionum
1055 3226 1107 3283 is
1166 3227 1267 3301 qui
1310 3223 1541 3285 Politici
1589 3224 1771 3284 verba
1815 3223 1952 3284 inde
2004 3242 2041 3282 a
2083 3242 2141 3301 p.
2189 3222 2316 3281 289
2362 3220 2419 3280 D
2462 3209 2585 3301 χρὴ
2632 3236 2819 3296 usque
2866 3218 2942 3279 ad

348 3346 411 3412 p.
445 3329 571 3389 308
606 3328 680 3387 A.
727 3315 1006 3408 ἀνδρείαν
1051 3320 1381 3409 (Hermann
1426 3347 1485 3406 p.
1512 3324 1841 3410 470—98)
1889 3330 2169 3407 continet,
2213 3327 2605 3403 transpositus
2651 3332 2741 3383 est
2785 3324 2940 3381 inter

354 3433 775 3510 quaterniones
819 3432 1204 3509 Protagorae.
1307 3431 1621 3493 Politicum
1678 3435 1857 3508 igitur
1917 3448 2268 3509 comparans
2326 3433 2376 3488 si
2422 3429 2524 3488 fol.
2577 3429 2693 3488 151
2745 3427 2942 3487 absol-

353 3539 522 3615 veris,
554 3533 902 3618 (extremum
924 3538 1049 3596 eius
1074 3536 1315 3598 verbum
1341 3545 1433 3598 est
1464 3523 1682 3597 οόκοῢν
1706 3554 1765 3614 p.
1782 3537 1905 3595 289
1921 3531 2059 3618 D.),
2092 3533 2576 3614 quaternionibus
2600 3532 2680 3592 25
2706 3533 2939 3592 omissis

353 3649 716 3702 transcurres
748 3641 825 3700 ad
856 3642 895 3700 f.
927 3641 1073 3703 352.
1147 3640 1374 3702 Eodem
1403 3641 1580 3701 modo
1610 3641 2000 3717 Protagoram
2035 3656 2384 3716 comparans
2414 3646 2452 3697 a
2481 3638 2522 3695 f.
2547 3635 2734 3710 351b,
2780 3633 2938 3712 quod

355 3745 472 3804 exit
525 3746 585 3805 in
631 3745 812 3806 verba
857 3736 944 3813 ὥς
988 3736 1064 3826 δὴ
1110 3730 1342 3815 τούτοις
1385 3741 1613 3829 (Stepb.
1654 3763 1715 3824 p.
1765 3746 1890 3806 342
1938 3745 2004 3806 0.
2053 3744 2257 3806 Herm.
2302 3761 2359 3819 p.
2416 3738 2596 3822 175),
2643 3747 2935 3815 transgre-

355 3846 528 3908 dieris
571 3849 649 3909 ad
692 3851 735 3911 f.
764 3852 928 3912 359a
973 3850 1131 3929 quod
1176 3853 1377 3929 incipit
1421 3871 1460 3912 a
1506 3850 1681 3911 verbo
1724 3848 2114 3931 κρατοῦντας.
2203 3849 2505 3910 Porsonus
2551 3848 2740 3923 primo
2785 3845 2942 3905 hunc

352 3955 771 4029 transpositum
816 3959 1265 4032 quaternionem
1325 3958 1571 4033 periisse
1628 3958 1862 4033 putavit
1918 3962 1976 4018 et
2018 3972 2192 4018 suum
2239 3952 2505 4014 dolorem
2550 3952 2837 4028 expressit
2879 3952 2940 4008 in

348 4056 464 4118 fine
505 4056 712 4118 indicis
757 4064 1237 4140 quaternionum3
1302 4070 1511 4139 postea
1579 4078 1837 4123 errorem
1884 4059 2104 4121 detexit
2146 4059 2787 4135 transpositionemque
2830 4071 2939 4113 suo

346 4160 479 4224 loco
524 4160 824 4224 indicavit.
2395 4227 2404 4231 -

521 4265 752 4327 Codicis
796 4271 896 4345 qui
940 4278 1030 4331 est
1075 4269 1490 4330 membraneus
1535 4272 1756 4348 pagina
1802 4285 2192 4350 unaquaeque
2237 4266 2417 4327 habet
2459 4286 2521 4330 v,
2552 4267 2654 4327 34.
2700 4265 2939 4341 Lineae,

345 4389 498 4449 quae
543 4389 676 4431 cum
717 4373 841 4433 sint
881 4374 1015 4433 stilo
1060 4376 1284 4435 incisae
1329 4376 1509 4435 etiam
1552 4375 1813 4451 paginae
1859 4374 2027 4434 alteri
2070 4374 2431 4444 inserviunt,
2499 4390 2536 4430 a
2580 4373 2819 4432 sinistra
2863 4370 2940 4430 ad

485 4581 535 4651 1)
569 4582 747 4636 Verba
781 4584 904 4635 sunt
940 4582 1222 4635 Gaisfordii
1254 4584 1315 4635 in
1355 4580 1523 4637 Gatal.
1560 4599 1611 4650 p.
1647 4580 1733 4637 ⁷0.

481 4670 532 4737 ὓ)
566 4671 697 4724 Post
727 4670 789 4723 11·
822 4671 1013 4724 literae
1046 4668 1138 4722 1111
1169 4669 1379 4739 insequi
1410 4670 1672 4723 videntur.
